2475 3792
489 261 732 314 ABISTIDES.

356 541 456 614 III.
489 541 829 615 ARISTIDES.

495 703 710 744 -οοζιοςοω-

177 825 205 887 Ι.
224 825 426 898 Amrsrrnns,
448 824 626 905 Lysimachi
649 824 739 898 filius,
763 823 968 900 Atheniensis,
993 847 1041 888 ae·

137 907 237 986 qualis
251 907 318 966 fere
332 906 397 965 fuit
409 905 614 966 Themistocli.
656 904 765 984 Itaque
779 927 848 966 cunr
863 928 898 967 ec
911 907 949 966 de
959 907 1040 987 prin-

137 987 242 1066 cipatu
256 986 438 1047 contendit:
459 1006 591 1064 namque
604 983 814 1046 obtrectarunt
827 986 906 1046 inter
919 1007 957 1047 se.
999 985 1039 1046 In

136 1067 185 1128 his
198 1076 307 1128 autem
323 1065 482 1144 cognitum
497 1074 550 1137 est,
561 1074 676 1145 quanto
690 1074 854 1126 antestaret
867 1066 1039 1144 eloquentia

137 1147 344 1207 innocentiae.
389 1146 587 1224 Quamquam
601 1145 683 1204 enim
696 1145 772 1204 adeo
786 1145 955 1206 excellebat
968 1144 1039 1206 Ari·
1072 1146 1093 1207 5

137 1228 231 1288 otides
245 1227 446 1298 abstinentia,
457 1234 493 1286 ut
506 1245 585 1286 unus
598 1232 668 1304 post
679 1225 839 1285 hominum
852 1226 1038 1300 memoriam,

137 1328 232 1386 quem
253 1307 383 1386 quidem
403 1325 458 1366 nos
479 1304 673 1377 audierimus,
687 1305 865 1384 cognomine
878 1305 901 1367 J
902 1316 985 1366 ustus
998 1307 1038 1368 sit

137 1387 337 1467 appellatus:
357 1395 472 1459 tamen,
486 1407 508 1446 a
520 1384 723 1446 Themistocle
741 1385 967 1458 collabefactus,
982 1395 1039 1447 tea·

137 1469 208 1529 tula
221 1469 282 1528 illa
295 1467 406 1527 exsilio
421 1467 525 1526 decem
543 1486 693 1526 annorum
709 1465 858 1526 multatus
878 1476 930 1526 est
973 1466 1037 1543 Qui

138 1549 269 1628 quidem
290 1568 362 1608 cum
382 1546 575 1626 intelligeret,
589 1545 714 1624 reprimi
735 1544 916 1606 concitatam
937 1545 1091 1607 multi-10

138 1630 285 1690 tudinem
298 1648 360 1686 non
374 1647 470 1706 posse,
485 1626 651 1705 cedensque
670 1624 933 1686 animadvertisset
946 1647 1038 1706 quen·

139 1710 214 1770 dam
229 1708 423 1780 scribentem,
437 1715 474 1766 ut
486 1706 586 1785 patria
601 1705 773 1784 pelleretur,
788 1706 935 1798 quaesisse
949 1707 988 1766 ab
1002 1727 1038 1767 eo

140 1791 269 1862 dicitur,
283 1808 378 1867 quare
398 1786 432 1847 id
452 1786 574 1860 faceret,
587 1794 642 1846 aut
657 1786 731 1864 quid
744 1785 896 1846 Aristides
917 1788 1038 1848 commi-

140 1872 238 1943 sisset,
260 1889 317 1930 cur
335 1877 425 1929 tanta
444 1887 542 1946 poena
561 1866 672 1944 dignus
692 1865 861 1927 duceretur.
886 1867 960 1927 -Oui
984 1867 1037 1927 ille

141 1950 302 2030 respondit
315 1969 347 2010 se
360 1949 502 2027 ignorare
512 1946 688 2018 Aristidem,
696 1945 748 2006 sed
762 1945 895 2006 sibinen
908 1948 1036 2026 plaeere,
1051 1947 1089 2007 15

143 2031 227 2111 quod
241 2039 308 2090 tam
322 2029 433 2107 cupide
446 2027 637 2099 elaborasset,
650 2035 687 2086 ut
702 2034 822 2105 praeter
842 2037 954 2087 ceteros
967 2028 990 2088 J
992 2049 1037 2088 us

143 2121 193 2174 tus
217 2110 437 2190 appellaretur.
478 2106 542 2168 Hic
564 2108 669 2167 decem
695 2126 845 2166 annorum
868 2107 1037 2185 legitimam

166 2212 277 2252 cenam
299 2210 363 2250 non
386 2188 523 2269 pertulit
563 2187 646 2248 Nam
670 2197 831 2267 postquam
855 2186 976 2247 Xerxes
1003 2189 1036 2248 in

143 2213 310 2333 bracatam
324 2269 489 2341 descendit,
502 2277 587 2328 sexto
608 2268 671 2327 fere
690 2287 771 2326 anno
789 2287 882 2345 quam
900 2277 966 2328 erat
986 2289 1036 2329 ex·

144 2353 260 2434 pulsus,
274 2350 383 2431 populi
397 2349 473 2409 scito
487 2349 519 2407 in
533 2349 666 2427 patriam
679 2347 835 2406 restitutus
849 2355 901 2408 est.
1049 2349 1090 2411 20

184 2433 229 2494 H.
251 2430 399 2492 Interfuit
409 2437 512 2489 autem
522 2449 644 2507 pugnae
654 2428 758 2488 navali
772 2428 855 2505 apud
870 2427 1034 2502 Salamina,

145 2512 322 2593 quaefacta
334 2519 381 2572 est
394 2509 479 2588 prius
493 2529 585 2587 quam
603 2529 701 2587 poena
719 2507 908 2567 liberaretur.
948 2507 1036 2568 Idem

145 2603 267 2674 praetor
286 2591 348 2652 fuit
362 2589 596 2650 Atheniensium
614 2588 698 2666 apud
711 2587 852 2648 Plataeae
866 2588 898 2647 iu
912 2590 1035 2666 proelio,

96 2734 99 2739 ,
146 2695 204 2754 quc
226 2672 410 2734 Mardonius
430 2669 515 2728 fisus
536 2668 796 2746 barbarorumque
818 2668 968 2727 exercitus
992 2669 1035 2727 in-

146 2755 288 2816 terfectus
310 2759 365 2812 est.
379 2776 392 2811 ι
407 2748 515 2828 Neque
538 2748 624 2808 aliud
646 2756 692 2808 est
713 2748 813 2807 ullum
835 2748 925 2827 hujus
946 2748 979 2807 in
1003 2770 1035 2808 re
1049 2750 1089 2810 25

146 2835 275 2896 militari
302 2832 424 2892 illustre
450 2829 574 2902 factum,
599 2849 691 2907 quam
715 2828 806 2907 hujus
833 2827 953 2906 imperii
976 2849 1036 2888 me·

146 2917 261 2988 moria3
276 2913 418 2994 justitiae
444 2929 517 2971 vero
544 2917 575 2969 et
601 2908 763 2988 aequitatis
789 2916 821 2968 et
847 2907 1036 2968 innocentiae

146 2997 262 3067 multa;
284 2990 454 3072 inprimis,
475 2989 557 3068 quod
580 2989 645 3068 ejus
668 2989 820 3066 aequitate
842 2987 958 3047 factum
982 2998 1035 3060 est,

147 3097 217 3136 eum
237 3076 272 3134 in
292 3071 449 3134 communi
472 3071 564 3129 classe
588 3077 665 3128 esset
687 3068 835 3128 Graeciae
854 3066 945 3127 simul
966 3089 1036 3128 cum

147 3154 312 3225 Pausania,
340 3171 400 3232 quo
429 3151 506 3211 duce
533 3149 712 3208 Mardonius
746 3156 812 3206 erat
842 3147 974 3223 fugatus,
1001 3156 1037 3207 ut
1050 3146 1090 3206 30

147 3256 268 3296 summa
292 3232 412 3311 imperii
436 3228 582 3289 maritimi
605 3229 645 3287 ab
669 3226 916 3286 Lacedaemoniis
943 3236 1038 3284 trans-

148 3317 279 3376 ferretur
300 3313 341 3372 ad
361 3305 597 3371 Atheniensesl
611 3307 754 3380 Namque
777 3312 848 3360 ante
867 3302 900 3357 1d
918 3310 979 3358 tem
1003 3320 1038 3356 us

148 3403 178 3456 et
198 3393 280 3454 mari
301 3401 331 3453 et
350 3401 434 3452 terra
453 3388 544 3447 duces
572 3391 660 3444 erant
680 3380 920 3439 lacedaemona.
987 3394 1039 3430 um

148 3483 254 3538 autem
269 3481 299 3534 et
313 3465 550 3549 intemperantia
564 3459 735 3522 Pausaniae
749 3464 779 3513 et
793 3451 913 3530 justitia
926 3449 1042 3507 factum
