2475 3792
324 252 357 300 r.
386 252 645 301 rouronrns
675 253 865 300 ATTIOUS.
1031 235 1093 302 117

146 407 226 488 quod
247 427 311 468 non
335 407 482 482 liberalis,
495 407 549 469 sed
571 408 647 470 levis
669 409 874 471 arbitrabatur
894 408 1040 489 polliceri,

147 489 226 568 quod
240 498 398 567 praestare
415 508 477 548 non
499 499 607 567 posset
649 489 734 549 Idem
758 491 789 549 in
811 491 945 561 nitendo,
959 491 1039 568 quod

148 568 236 628 semel
252 569 418 640 annuisset,
432 577 520 629 tanta
533 579 600 628 erat
620 590 702 642 cura,
718 580 752 629 ut
771 589 830 630 non
854 571 1039 643 mandatam,

148 649 199 708 sed
217 670 306 708 suam
327 669 391 720 rem
406 649 561 708 videretur
575 669 672 728 agere.
714 649 888 729 Numquam
910 651 1040 730 suscepti

148 730 262 808 negotii
285 749 355 788 eum
378 738 548 807 pertaesum
570 739 623 788 est.
665 729 758 790 Suam
783 731 863 790 enim
888 731 1039 791 existima·
1073 730 1093 792 5

148 810 262 870 tionem
276 810 309 867 in
320 829 356 868 ea
366 829 399 868 re
408 809 459 888 agi
473 808 612 887 putabat,
626 829 686 888 qua
697 809 773 868 nihil
785 810 917 871 habebat
932 812 1039 871 carius.

149 889 220 966 Quo
242 888 344 961 fiebat,
362 897 397 949 ut
417 889 520 950 omnia
538 888 728 962 Ciceronum,
742 889 874 964 Catonis,
897 891 936 968 Q.
960 890 1039 952 Hor-

147 970 247 1042 tensii,
269 968 346 1029 Auli
366 969 521 1048 Torquati,
541 968 708 1029 multorum
728 979 884 1052 praeterea
903 971 1038 1051 equitum

149 1050 360 1110 Romanorum
384 1050 505 1128 negotia
527 1058 712 1128 procuraret.
754 1050 804 1110 Ex
828 1071 887 1131 quo
907 1051 1039 1131 judicari

147 1139 278 1209 poterat,
292 1149 354 1189 non
374 1130 492 1204 inertia,
505 1129 558 1190 scd
573 1129 690 1210 judicic
704 1129 815 1210 fugisse
835 1133 878 1193 rei
899 1132 1039 1213 publicae
1055 1129 1093 1192 10

147 1210 401 1290 procurationem.

190 1290 285 1351 XVI.
316 1289 527 1351 Humanitatis
553 1309 626 1369 vero
656 1289 776 1350 nullum
803 1291 909 1352 afferre
942 1291 1039 1371 majus

147 1371 357 1432 testimonium
382 1390 513 1449 possum,
537 1391 629 1450 quam
653 1372 733 1451 quod
760 1371 932 1432 adolescens
959 1372 1039 1432 idem

148 1452 214 1512 seni
238 1451 342 1512 Sullae
362 1451 454 1510 fuerit
476 1451 722 1530 jucundissimus,
742 1471 834 1511 senex
858 1451 1039 1512 adolescenti

149 1532 195 1592 M.
210 1531 326 1603 Bruto;
347 1552 417 1591 cum
430 1530 608 1610 aequalibus
621 1541 722 1591 autem
736 1531 806 1605 suis,
821 1531 859 1607 Q.
875 1531 1038 1593 Hortensio
1054 1531 1093 1592 15

149 1621 182 1672 et
201 1612 246 1671 M.
260 1611 413 1684 Cicerone,
433 1611 476 1671 sic
496 1611 617 1684 vixerit,
638 1620 673 1671 ut
689 1611 827 1691 judicare
848 1611 970 1674 difficile
989 1614 1038 1686 sit,

149 1693 200 1752 cui
213 1692 307 1752 aetati
321 1692 413 1751 fuerit
426 1692 606 1771 aptissimus.
649 1692 844 1786 Quamquam
865 1713 934 1753 eum
955 1714 1038 1786 prae-

149 1773 240 1853 cipue
252 1771 363 1832 dilexit
376 1771 489 1844 Cicero,
503 1781 538 1831 ut
558 1792 596 1832 ne
616 1770 712 1832 frater
725 1773 847 1852 quidem
861 1772 888 1833 ei
903 1773 1038 1850 Quintus

150 1854 249 1914 carior
271 1852 365 1912 fuerit
388 1861 442 1912 aut
465 1851 653 1913 familiarior.
695 1853 734 1914 Ei
758 1853 800 1914 rei
822 1861 893 1914 sunt
917 1853 1038 1928 indicio,

150 1942 270 2014 praeter
283 1953 333 1992 ecs
346 1932 448 2005 libros,
462 1932 494 1991 in
508 1933 618 2011 quibus
639 1933 676 1993 de
696 1955 732 1995 eo
752 1934 825 1994 facit
846 1935 1037 2006 mentionem,
1052 1931 1091 1995 20

151 2014 204 2093 qui
225 2014 257 2072 in
269 2013 382 2091 vulgus
401 2021 473 2072 sunt
492 2013 575 2085 editi,
588 2013 740 2074 sexdecim
755 2013 912 2076 volumina
932 2014 1038 2094 episto·

151 2094 251 2153 larum
265 2092 305 2152 ab
319 2093 478 2153 consulatu
491 2094 555 2172 ejus
570 2095 715 2172 usquead
729 2104 897 2154 extremum
919 2104 1038 2174 tempus

151 2174 190 2234 ad
204 2174 344 2233 Atticum
359 2173 534 2244 missarum3
555 2194 634 2252 quae
647 2174 700 2253 qui
720 2174 810 2254 legat,
825 2195 885 2234 non
907 2175 1038 2235 multum

151 2254 298 2314 desideret
325 2253 482 2313 historiam
509 2263 681 2314 contextam
710 2253 832 2316 illorum
860 2265 1038 2335 temporum.

150 2334 199 2394 Sic
212 2335 294 2394 enim
308 2334 411 2394 omnia
432 2334 470 2393 de
490 2334 598 2394 studiis
619 2333 800 2412 principum,
815 2335 897 2396 vitiis
918 2336 1039 2408 ducum,
1054 2333 1093 2395 25

150 2413 369 2475 mutationibus
383 2413 426 2472 rei
440 2413 580 2493 publicae
594 2414 759 2493 perscripta
773 2424 852 2487 sunt,
867 2425 901 2475 ut
915 2414 991 2474 nihil
1007 2416 1038 2474 in

150 2495 186 2554 iis
196 2515 258 2555 non
266 2503 413 2573 appareat
422 2503 452 2554 et
459 2493 549 2554 facile
558 2494 725 2554 existimari
736 2494 837 2574 possit,
846 2495 1038 2575 prudentiam

150 2574 373 2654 quodammodo
395 2594 456 2633 esse
477 2573 704 2634 divinationem.
746 2575 817 2635 Non
839 2576 919 2634 enim
934 2574 1039 2636 Cicero

149 2675 185 2715 ea
204 2654 313 2727 solum,
329 2674 406 2733 quae
419 2654 490 2716 vivo
509 2674 541 2714 se
561 2654 746 2728 acciderunt,
759 2655 864 2714 futura
877 2655 1038 2734 praedixit,

148 2735 318 2808 sedetiam,
332 2754 409 2813 quae
423 2755 504 2794 nunc
518 2755 574 2794 usu
588 2734 726 2808 veniunt,
740 2735 849 2795 cecinit
863 2743 898 2795 ut
913 2745 1004 2796 vates.
1053 2734 1092 2795 30

188 2815 302 2876 XVIL
323 2813 372 2876 De
391 2815 504 2894 pietate
524 2824 626 2875 autem
639 2814 737 2874 Attici
757 2815 831 2894 quid
850 2815 941 2893 plura
962 2835 1039 2874 com·

148 2895 334 2956 memorem?
354 2914 423 2954 cum
437 2894 494 2955 hoc
505 2894 603 2974 ipsum
616 2915 685 2956 vere
699 2894 879 2974 gloriantem
890 2895 1038 2954 audierim

147 2976 180 3035 in
194 2976 301 3036 funere
314 2974 420 3034 matris
439 2994 519 3048 suae,
534 2995 626 3053 quam
647 2975 759 3033 extulit
779 2995 927 3034 annorum
948 2995 1039 3034 nona-

147 3057 243 3135 ginta,
262 3075 333 3114 cum
354 3064 429 3114 esset
448 3063 562 3132 septem
582 3063 613 3113 et
633 3055 799 3132 sexaginta,
820 3075 851 3114 se
871 3074 1038 3133 numquam

148 3156 218 3196 cum
232 3144 331 3195 matre
344 3134 378 3193 in
391 3134 521 3212 gratiam
542 3134 661 3206 redisse,
675 3153 842 3212 numquam
856 3154 925 3192 cum
939 3154 1038 3194 sorore
1053 3133 1092 3192 35

147 3216 240 3275 fuisse
260 3215 293 3273 in
315 3215 480 3284 simultate,
493 3234 585 3289 quam
606 3233 701 3289 prope
723 3213 879 3289 aequalem
898 3212 1037 3273 habebat.

148 3296 241 3371 Quod
256 3304 301 3354 est
314 3293 445 3371 signum,
458 3302 512 3350 aut
525 3291 644 3348 nullam
658 3310 803 3364 umquam
817 3291 895 3346 iuter
909 3308 957 3345 eos
971 3309 1040 3362 que-

148 3375 312 3434 rimoniam
336 3369 542 3440 intercessisse,
563 3377 618 3426 aut
639 3367 722 3423 hunc
745 3385 781 3422 ea
804 3365 893 3420 fuisse
917 3364 949 3418 in
972 3383 1040 3418 suos

149 3452 352 3533 indulgentia,
366 3458 410 3520 ut,
425 3467 499 3524 quos
518 3464 622 3505 amare
642 3441 772 3509 deberet,
785 3439 874 3496 irasci
895 3438 936 3494 eis
958 3437 1041 3491 nefas
