2475 3792
156 233 200 298 42
424 246 637 294 coannnrr
667 246 861 294 anrorra

209 403 318 466 habuit
337 403 486 467 invidiam
506 424 678 483 magnaque
696 403 756 465 fuit
776 403 882 482 gloria.
922 402 1010 464 Bene
1026 423 1099 482 ergo

210 485 347 547 Pittacus
367 484 428 559 ille,
470 485 503 544 ni
523 485 555 544 in
576 494 690 563 septem
711 485 882 563 sapientum
903 504 1031 544 numero
1053 492 1099 543 est

210 565 341 638 habitus,
352 585 422 626 cum
433 506 612 645 ldytilenaei
626 565 654 624 ei
667 564 767 624 multa
775 563 863 624 milia
871 565 1016 644 jugerum
1031 563 1098 641 agri

209 665 336 706 munera
356 645 473 717 darent,
490 649 507 676 “
517 644 631 718 Nolite,
648 665 701 705 oro
713 643 795 717 vos,''
810 644 918 723 inquit,
940 643 1000 703 “id
1021 643 1098 702 mihi

176 725 291 799 adare,
312 725 394 804 quod
413 725 504 785 multi
524 725 691 797 invideant,
707 723 810 804 plures
830 725 921 784 etiam
942 723 1098 804 concupis-

209 814 288 867 cant
330 806 434 882 Quare
456 825 496 865 ex
520 805 584 866 istis
610 805 682 865 nolo
709 805 840 884 amplius
860 825 953 885 quam
973 813 1098 864 centum

211 886 330 966 jugera,
344 906 422 964 quae
438 894 468 946 et
486 906 586 946 meam
605 884 701 946 animi
721 884 905 964 aequitatem
918 893 949 944 et
962 894 1098 946 vestram

208 966 397 1028 voluntatem
418 966 560 1026 indicent.
602 965 685 1025 Nam
702 985 800 1045 parva
819 985 946 1025 munera
966 964 1097 1037 diutina,

208 1045 372 1125 locupletia
398 1067 459 1106 non
487 1045 612 1125 propria
642 1066 706 1106 esse
731 1044 978 1106 consueverunt”
1034 1043 1098 1105 Illa

155 1124 194 1190 10
208 1126 302 1205 igitur
316 1146 426 1186 corona
445 1135 602 1186 contentus
615 1125 826 1205 Thrasybulus
844 1145 943 1204 neque
962 1125 1097 1204 amplius

208 1205 373 1300 requisivit,
394 1227 492 1285 neque
511 1226 695 1285 quemquam
719 1205 833 1265 honore
853 1225 886 1266 se
904 1205 1097 1266 antecessisse

207 1286 401 1346 existimavit
452 1285 514 1346 Hic
541 1285 677 1365 sequenti
703 1293 847 1364 tempore,
874 1305 945 1345 cum
973 1294 1097 1364 praetor

206 1366 331 1426 classem
346 1365 386 1425 ad
400 1365 540 1426 Ciliciam
550 1365 725 1445 appulisset,
735 1385 833 1444 neque
846 1365 919 1425 satis
932 1365 1097 1444 diligenter

206 1445 238 1506 in
259 1446 363 1506 castris
383 1446 447 1525 ejus
468 1447 629 1526 agerentur
642 1445 775 1524 vigiliae,
789 1465 809 1505 a
828 1444 976 1518 barbaris,
990 1465 1031 1505 ex
1045 1466 1096 1524 op-

153 1524 192 1586 15
206 1525 278 1605 pido
295 1534 387 1586 noctu
404 1527 561 1606 eruptione
581 1525 673 1599 facta,
686 1526 720 1586 in
739 1524 936 1587 tabernaculo
956 1524 1110 1613 inarfec,

205 1614 254 1666 tus
268 1614 320 1670 est.

527 1817 749 1836 μ

489 2043 566 2118 ΙΧ.
596 2045 808 2120 CONON.

542 2207 758 2250 -affia-

241 2327 267 2390 L
288 2327 412 2404 Conon,
421 2327 625 2402 Atheniensis,
640 2329 857 2410 Peloponnesio
871 2328 952 2392 bello
966 2330 1090 2392 accessit

202 2409 324 2469 adrem
345 2409 509 2489 publicam,
530 2411 562 2471 in
583 2431 678 2490 eoque
697 2411 761 2490 ejus
784 2431 877 2489 opera
896 2411 1001 2489 magni
1021 2412 1088 2472 fuit.

201 2488 283 2549 Nam
303 2499 334 2549 et
353 2499 474 2569 praetor
493 2491 681 2572 pedestribus
701 2489 883 2551 exercitibus
903 2490 1045 2570 praefuit,
1059 2500 1089 2551 et

148 2567 187 2628 20
200 2568 369 2647 praefectus
389 2570 492 2630 classis
511 2591 638 2650 magnas
652 2591 699 2631 res
712 2570 790 2630 mari
804 2571 903 2649 gessit
945 2570 1032 2646 Quas
1049 2570 1088 2631 ob

201 2669 305 2708 causas
329 2650 509 2728 praecipuus
533 2651 561 2710 ei
585 2651 680 2711 honos
705 2650 827 2710 habitus
851 2660 904 2710 est
945 2649 1088 2730 Namque

200 2728 339 2788 omnibus
366 2750 444 2789 unus
475 2729 581 2791 insulis
608 2731 756 2810 praefuit:
791 2731 824 2790 in
851 2751 913 2810 qua
938 2741 1087 2810 potestate
1193 2749 1198 2761 ·

200 2807 314 2868 Pheras
341 2809 429 2887 cepit,
457 2809 608 2870 coloniam
639 2810 957 2871 Lacedaemoniorum.
1012 2811 1087 2872 Fuit

200 2889 291 2948 etiam
305 2898 440 2949 extremo
454 2888 673 2970 Peloponnesio
687 2890 768 2952 bello
778 2901 908 2970 praetor,
919 2911 989 2951 oum
1003 2891 1086 2971 apud

146 2967 184 3026 25
198 2967 299 3047 Aegos
312 2968 426 3029 flumen
440 2971 544 3049 copiae
558 2971 792 3031 Atheniensium
805 2991 825 3030 a
838 2971 999 3050 Lysandro
1015 2982 1087 3033 sunt

199 3047 342 3108 devictae.
384 3049 443 3109 Sed
464 3059 530 3109 tum
552 3049 660 3123 abfuit,
674 3071 769 3130 eoque
782 3052 867 3144 pejus
880 3071 927 3111 rea
944 3053 1086 3114 adminis-

198 3136 278 3187 trata
292 3136 344 3187 est.
386 3127 468 3188 Nam
488 3138 519 3189 et
539 3131 672 3208 prudens
688 3131 732 3190 rei
749 3131 890 3191 militaris
908 3140 939 3190 et
955 3132 1086 3212 diligens

119 3241 121 3248 κ
197 3215 262 3265 erat
279 3206 451 3284 imperator.
494 3208 602 3287 Itaque
618 3211 732 3270 nemini
749 3219 815 3269 erat
833 3211 880 3270 his
898 3213 1086 3290 temporibus

196 3282 333 3356 dubium,
352 3285 378 3344 si
398 3286 539 3360 affuisset,
556 3288 644 3348 illam
657 3289 858 3350 Athenienses
878 3290 1086 3353 calamitatem

142 3360 182 3420 30
195 3371 368 3500 acqqpturos
382 3384 443 3424 non
457 3365 554 3427 fuisse

300 3441 402 3502 Rebus
426 3453 528 3504 autem
552 3445 680 3521 afflictis,
701 3468 771 3508 cum
795 3447 928 3529 patriam
952 3450 1085 3512 obsideri
