2475 3792
159 246 202 310 20
426 262 638 309 ooaunnrr
669 261 862 307 aarorrs.

211 418 308 493 liberi,
322 440 397 498 opus
417 419 550 480 facerent
569 440 667 512 neque
686 418 744 479 ulli
765 418 831 479 loco
852 427 1019 498 parcerent,
1035 418 1099 481 siva

210 520 302 574 sacer,
319 501 396 576 [sive
409 500 616 579 profanus]
594 521 658 559 sive
671 500 809 577 privatus
823 509 908 573 esset,
922 500 988 560 sive
1000 499 1100 578 publi-

212 601 272 654 cus,
287 590 317 642 et
330 581 473 660 undique,
487 580 568 659 quod
588 580 730 640 idoneum
744 580 784 639 ad
797 580 997 653 muniendum
1012 588 1099 657 puta

211 670 278 722 rent
280 670 499 739 ,congererent
541 661 612 736 Quo
626 660 741 720 factum
755 668 808 733 est,
818 668 854 719 ut
863 659 1099 720 Atheniensium

177 741 196 800 5
210 742 290 801 muri
304 761 343 800 ex
357 741 475 801 sacellis
488 740 693 893 sepulcrisque
706 748 885 802 constarent.

251 819 327 882 VII.
347 821 482 881 Themist
470 829 517 881 toc
531 841 561 880 es
571 828 673 880 autern
691 829 727 880 ut
737 820 996 880 Lacedaemonem
1005 819 1098 892 venit,

210 902 295 962 adire
309 901 349 962 ad
359 902 552 980 magistratus
566 901 666 960 noluit
679 909 710 961 et
723 901 807 960 dedit
817 921 949 993 operam,
960 910 996 960 ut
1006 921 1099 979 quam

210 982 383 1061 longissime
406 990 525 1060 tempus
548 981 681 1053 duceret,
703 1001 825 1052 causam
850 980 1045 1073 interponens
1068 1001 1100 1040 se

211 1063 341 1141 collegas
365 1071 546 1154 exspectare.
589 1061 667 1121 Oum
688 1049 921 1121 Lacedaemonii
941 1081 1100 1139 quereren·
1146 1109 1151 1120 .

157 1142 196 1202 10
211 1153 270 1215 tur,
291 1163 366 1221 opus
387 1142 484 1202 nihilo
504 1142 604 1201 minus
624 1140 690 1201 fieri
710 1161 839 1219 eumque
852 1141 884 1200 in
899 1161 935 1201 ea
947 1161 981 1200 re
995 1141 1100 1200 conari

210 1223 325 1295 fallere,
336 1222 457 1282 interim
472 1221 583 1300 reliqui
596 1220 690 1300 legati
703 1229 774 1281 sunt
788 1221 947 1282 consecuti
988 1220 1022 1280 A
1035 1221 1100 1315 qui-

209 1295 266 1362 bus
281 1323 350 1362 cum
364 1303 504 1375 audisset,
482 1310 580 1376 tnon
593 1301 726 1361 multum
746 1322 898 1394 superesse
912 1301 1099 1374 munitionis,

209 1383 250 1442 ad
274 1383 400 1462 ephoros
424 1350 735 1443 Lacedaemoniorum
759 1381 892 1454 accessit,
912 1403 1003 1460 penes
1024 1402 1099 1460 quos

210 1484 361 1523 summurn
380 1471 445 1522 erat
465 1463 636 1542 imperium,
650 1483 669 1521 a
670 1471 741 1541 tque
761 1462 844 1541 apud
864 1482 914 1522 eos
934 1463 1098 1534 contendit,

157 1543 196 1603 15
210 1543 287 1604 falsa
305 1544 341 1604 iis
360 1563 422 1603 esse
442 1543 562 1636 delata;
584 1563 678 1621 quare
698 1563 830 1621 aequum
849 1563 920 1615 esse,
934 1542 1003 1602 illos
1017 1542 1099 1603 viros

209 1624 303 1684 bonos
317 1623 492 1702 nobilesque
504 1623 547 1683 mi
548 1632 634 1695 t,tere
647 1623 757 1703 quibus
771 1622 844 1682 fides
858 1622 1030 1694 haberetur,
1045 1622 1099 1701 qui

210 1725 273 1764 rem
301 1705 511 1783 explorarent3
546 1703 662 1764 interea
695 1724 726 1764 se
760 1703 968 1764 obsidemt
922 1724 955 1762 re
956 1703 1096 1762 tinerent.

210 1783 284 1844 Gest
272 1793 320 1844 tus
331 1791 375 1851 est
389 1785 416 1844 ei
429 1805 493 1844 mos
495 1792 634 1877 ,tresque
643 1782 746 1864 legati,
756 1783 856 1842 functi
868 1803 993 1842 summis
1007 1783 1099 1843 hono
1170 1840 1174 1845 ,

210 1864 302 1938 ribus,
322 1864 461 1924 Athenas
481 1864 663 1924 missisunt.
705 1863 783 1924 Cum
804 1863 851 1923 his
872 1862 1003 1941 collegas
1029 1883 1099 1923 suos

116 1959 119 1966 ’
157 1946 196 2004 20
210 1944 423 2012 Themistocles
439 1945 530 2023 jussit
543 1942 700 2022 proficisci,
714 1943 821 2022 hisque
834 1943 996 2022 praedixit,
1010 1953 1045 2002 ut
1059 1964 1099 2003 ne

209 2025 294 2118 prius
321 2023 632 2084 Lacedaemoniorum
656 2024 770 2102 legatos
794 2024 981 2083 dimitterent
1005 2043 1099 2101 quam

210 2108 273 2198 ipse
293 2113 368 2186 esset
388 2105 560 2166 remissual
547 2103 646 2166 lHos
665 2113 825 2183 postquam
839 2103 977 2162 Athenas
995 2124 1100 2182 perve-

210 2186 287 2245 nisse
301 2179 385 2244 ratus
399 2192 452 2257 est,
462 2185 503 2244 ad
517 2185 729 2264 magistratum
740 2193 937 2262 senatumque
947 2183 1100 2244 Lacedae-

210 2266 381 2325 moniorum
401 2264 479 2324 adiit
499 2273 530 2325 et
548 2265 632 2342 apud
649 2285 698 2324 eos
714 2263 868 2324 liberrime
865 2263 1042 2357 ..professus
1044 2272 1098 2337 est,

100 2367 103 2372 ·
157 2347 195 2405 25
211 2345 409 2405 Athenienses
420 2365 473 2406 suo
485 2345 608 2404 consilio
610 2344 711 2424 ,quod
722 2344 873 2404 communi
883 2345 953 2422 jure
961 2344 1098 2422 gentium

210 2426 308 2484 i'acere
321 2434 450 2504 possent,
464 2425 534 2485 deos
554 2391 693 2503 publicos
713 2445 841 2503 suosque
858 2424 973 2504 patrios
991 2443 1028 2484 ac
1049 2445 1099 2516 pe
1170 2466 1172 2470 ν

210 2515 303 2577 natea,
318 2526 377 2584 quo
391 2505 511 2564 facilius
530 2505 569 2565 ab
588 2505 656 2566 host
644 2512 674 2565 te
687 2514 806 2597 possent
820 2505 870 2564 dei
870 2505 988 2576 endere,
1001 2505 1098 2563 muris

209 2585 489 2664 sepsisseJneque'
482 2606 514 2644 ιιι
538 2606 582 2658 eo,
603 2584 718 2663 quod
709 2594 777 2644 ιιιιιι
765 2585 819 2644 tile
842 2593 917 2644 esset
941 2583 1099 2657 Graeciae,

108 2717 113 2726 .
209 2666 320 2726 fecisse.
327 2676 336 2744 J
361 2663 444 2725 Nam
457 2665 581 2725 illorum
595 2665 703 2725 urbem
716 2673 752 2725 ut
765 2665 1029 2744 propugnaculum
1048 2685 1100 2744 op·

156 2748 196 2808 30
210 2747 342 2825 positum
361 2766 423 2805 csse
443 2745 590 2820 barbaris,
612 2745 696 2826 apud
720 2766 812 2824 quam
831 2745 898 2825 jam
922 2745 968 2804 bis
990 2745 1099 2805 classes

210 2827 308 2905 regias
335 2827 438 2886 fecisse
464 2826 668 2905 naufragium
709 2825 964 2886 Lacedaemonios
995 2835 1100 2885 autem

210 2907 290 2967 male
304 2916 335 2968 et
344 2907 454 2986 injuste
464 2906 562 2966 facere
564 2927 633 2986 ,qur
624 2907 746 2966 idt
693 2917 746 2985 pot
748 2907 794 2965 ius
808 2906 998 2964 intuerentur
1000 2907 1099 2985 ,quod

211 2988 344 3066 ipsorum
365 2987 510 3048 dominat
489 2988 564 3047 troni
579 3007 671 3065 quarn
685 2986 766 3065 quod
779 2987 938 3047 universae
951 2984 1100 3047 Graeciae

193 3069 287 3128 utile
307 3076 390 3128 esset
433 3067 582 3144 Quare,
559 3089 585 3127 si
605 3088 674 3127 suos
694 3066 808 3146 legatos
829 3067 961 3145 recipere
973 3066 1100 3140 vellent,

158 3147 198 3210 35
212 3169 286 3227 quos
306 3147 444 3240 Athenas
464 3148 618 3220 miserant,
638 3168 670 3207 se
690 3147 894 3218 remitterent,
865 3146 1008 3205 taliter
1028 3147 1099 3208 illos

211 3249 285 3287 ιιιιιιι
306 3249 378 3288 uam
392 3227 425 3286 in
438 3227 569 3305 patriam
584 3235 680 3286 essent
694 3226 852 3305 recepturi.

252 3250 346 3370 VllII.
368 3307 483 3366 Tamen
493 3327 553 3367 non
563 3306 703 3384 effugit
678 3326 792 3366 civium
806 3325 929 3367 suorum
939 3305 1097 3370 invidiam.

211 3387 352 3467 Namque
376 3388 414 3448 ob
440 3387 567 3446 eundem
592 3387 741 3456 timorem,
764 3405 824 3463 quo
846 3386 1008 3446 damnatus
1032 3396 1100 3460 erat

148 3471 150 3586 ι
211 3411 376 3542 Miltiades,
400 3465 580 3528 testularum
607 3432 758 3548 suffragiis
785 3485 802 3524 e
829 3465 954 3526 civitate
977 3467 1099 3582 ejactps
