2475 3792
149 190 192 254 56
427 209 641 254 coeni-:nir
670 208 864 254 merome.

242 363 302 425 III.
323 363 386 425 Hic
411 385 479 424 cum
503 373 579 426 esset
602 384 713 443 magno
735 373 822 439 natu,
840 374 870 425 et
890 364 1094 444 magistratus

200 464 304 522 gerere
330 444 460 518 desisset,
489 445 568 506 bello
595 445 796 505 Athenienses
826 446 961 524 undique
988 445 1094 524 premi

199 534 272 586 sunt
284 527 389 604 coepti.
432 525 591 586 Defecerat
604 525 726 598 Samum
747 526 893 586 descierat
906 526 1094 604 Hellespon·

199 613 265 666 tus·
258 605 463 699 ,Philippusj
467 627 516 665 am
530 617 595 666 tum
609 605 716 667 valens
729 605 858 665 Macedo
872 606 971 666 multa
984 605 1092 666 molie-

166 685 307 747 ebatur:
330 687 378 746 cui
399 687 552 765 oppositus
571 685 684 746 Chares
705 707 774 746 cum
795 695 878 759 esset,
891 707 954 746 non
967 687 1039 746 satis
1055 686 1092 745 in

200 787 235 827 co
261 766 403 859 praesidii
430 765 603 845 putabatur.
655 765 709 825 Fit
735 734 927 828 Menestheus
955 776 1091 846 praetor,

199 847 281 907 filius
304 846 476 926 Iphicratis,
496 866 588 926 gener
611 845 773 920 Timothei,
793 856 833 920 et,
853 856 888 907 ut
908 847 948 906 ad
968 845 1090 907 bellum

222 927 414 1000 reficiscatur,
428 927 607 988 decernitur.
648 927 755 988 Huic
747 949 780 987 m
793 894 952 988 cohsilium
973 927 1091 987 dantur

199 947 260 1067 duo
284 1027 341 1068 usu
364 1007 572 1088 sapientiaque
589 1017 786 1102 praestantes,
806 1029 936 1089 quorum
961 1009 1089 1069 consilio
1142 1015 1147 1022 '

146 1087 185 1150 10
199 1098 343 1161 uteretur,
357 1097 487 1168 pateret
500 1109 598 1163 soccr;
620 1090 724 1169 quod
715 1111 748 1148 ιιι
762 1089 809 1148 his
823 1098 910 1150 tanta
930 1098 997 1148 erat
1017 1110 1088 1149 auc-

186 1167 313 1243 toritas,
328 1178 363 1229 ut
375 1189 487 1250 magna
508 1189 574 1250 spes
593 1179 678 1244 emet,
691 1191 746 1250 per
758 1190 808 1230 eos
820 1171 930 1230 amissa
943 1189 1029 1248 posse
1042 1190 1089 1229 re-

199 1251 345 1329 cuperari.
387 1250 433 1309 Hi
454 1272 524 1311 cum
544 1251 669 1311 Samum
686 1251 812 1344 profecti
827 1259 923 1310 essent
936 1259 967 1309 et
974 1250 1088 1342 ‚eodem

199 1330 321 1404 Chares,
335 1330 447 1392 advent
435 1339 469 1390 tu
483 1330 606 1391 illorum
617 1330 746 1410 cognito,
757 1351 827 1390 cum
840 1331 902 1390 suis
915 1330 1010 1410 copiis
1019 1351 1088 1409 pro

198 1411 342 1472 ficisceret
330 1419 389 1484 tu,r
402 1431 440 1470 ne
455 1412 528 1490 quid
549 1411 672 1472 absente
684 1432 716 1472 se
729 1421 847 1505 gestum
860 1411 1025 1483 videretur,
1039 1431 1088 1470 ac·

146 1491 186 1552 15
199 1491 282 1564 cidit,
299 1512 369 1552 cum
393 1491 432 1551 ad
457 1491 588 1552 insulam
613 1493 901 1572 appropinquarent,
917 1500 952 1550 ut
972 1511 1087 1584 magna

198 1580 359 1651 tempestas
373 1573 518 1645 oriretur;
539 1593 632 1652 quam
651 1573 767 1635 evitare
787 1573 848 1632 duo
860 1581 977 1635 veteres
993 1572 1086 1651 impc-

199 1662 313 1712 ratores
333 1652 408 1712 utile
429 1620 569 1714 arbitrati
589 1674 676 1714 suam
698 1654 823 1734 classem
847 1661 1085 1746 suppresserunt

198 1732 244 1792 At
257 1732 318 1805 ille,
332 1734 493 1794 temeraria
512 1755 583 1793 usus
603 1735 729 1806 ratione,
746 1754 808 1793 non
812 1720 915 1794 cessit
935 1733 1086 1811 majorum

199 1822 274 1873 natu
285 1814 467 1887 auctoritati,
478 1822 517 1887 et,
528 1823 563 1874 ut
576 1815 608 1872 in
623 1835 678 1873 sua
691 1834 785 1873 manu
799 1822 874 1874 esset
883 1813 1007 1873 fortune
1007 1833 1085 1892 ,quo

146 1894 185 1954 20
199 1895 403 1968 contenderat,
417 1895 565 1974 pervenit,
580 1895 743 1973 eodemque
764 1903 800 1954 ut
819 1901 1023 1973 sequerentur,
1045 1893 1085 1953 ad

199 1972 391 2034 Timotheum
419 1984 449 2034 et
476 1974 661 2054 Iphicratem
689 1975 831 2034 nuntium
858 1975 948 2034 misit.
990 1973 1085 2046 Hinc,

199 2055 279 2114 male
293 2075 324 2114 rc
338 2063 402 2134 ges
403 2076 430 2128 a
445 2055 651 2135 compluribus
664 2055 780 2114 amissis
793 2055 931 2128 navibus,
945 2075 989 2127 eo,
1004 2054 1085 2113 unde

199 2144 264 2195 erat
277 2137 437 2214 profectus,
451 2155 482 2195 se
491 2136 609 2274 recepit
623 2135 798 2214 litterasque
809 2135 949 2196 Athenas
962 2135 1084 2215 publice

199 2216 289 2288 misit,
318 2216 375 2276 sibi
403 2215 582 2294 proclives
578 2216 656 2275 uisse
683 2215 809 2276 Samum
836 2237 951 2295 capere,
979 2217 1037 2275 nisi
1063 2235 1084 2275 a

145 2295 186 2354 25
199 2295 356 2355 Timotheo
371 2305 401 2356 et
415 2293 569 2375 Iphicrate
583 2297 718 2356 desertus
731 2305 814 2357 esset.
855 2296 991 2376 Populus
1005 2316 1083 2368 acer,

198 2376 348 2454 suspicax,
369 2376 408 2436 ob
432 2397 559 2456 eamque
582 2397 647 2436 rem
670 2376 800 2450 mobilis,
820 2376 1048 2449 adversarius,'
1040 2397 1083 2434 ιιι-

197 2457 287 2518 vidus
309 2456 415 2530 (etiam
435 2457 588 2537 potentiae
612 2457 646 2516 in
670 2457 783 2517 crimen
802 2457 1016 2535 vocabantur),
1033 2457 1083 2516 do-

197 2557 281 2595 mum
297 2545 435 2610 revocat;
458 2546 639 2597 accusantur
652 2537 838 2616 proditionis.
880 2537 950 2597 Hoc
966 2537 1083 2616 judicio

198 2617 362 2676 damnatur
375 2617 559 2690 Timotheus,
573 2616 671 2695 lisque
689 2618 752 2696 ejus
772 2617 947 2676 aestimatur
961 2626 1082 2676 centum

144 2695 328 2757 scalenus.
369 2697 429 2756 Ille
449 2697 517 2758 odio
538 2698 677 2776 ingratae
699 2697 831 2759 civitatis
853 2707 973 2757 coactus
993 2697 1083 2758 Chal·

197 2777 295 2839 cidem
308 2797 339 2838 se
352 2777 488 2838 contulit.

237 2856 296 2918 IV.
318 2857 421 2936 Hujus
435 2867 503 2936 post
516 2867 645 2918 mortem
659 2879 727 2919 cunr
742 2857 890 2937 populum
906 2858 1017 2938 judicii
1036 2857 1083 2919 sui

197 2937 372 3016 poeniteret,
390 2938 505 2998 multae
525 2959 635 2999 novem
655 2948 757 3017 partes
777 2940 910 2998 detraxit
930 2948 960 2998 et
981 2940 1082 3000 decem

197 3017 314 3077 talenta
327 3017 489 3089 Cononem,
503 3018 640 3076 filiu'm
615 3039 687 3097 eJus,
702 3020 741 3078 ad
755 3040 836 3078 mun
826 3020 1002 3098 quandam
1017 3040 1084 3112 par·

144 3095 183 3156 35
198 3104 260 3154 tem
274 3096 465 3154 reficiendam
482 3097 572 3174 Jussit
585 3097 667 3156 dare
709 3097 746 3156 In
761 3119 821 3176 quo
834 3099 974 3158 fortunae
988 3101 1084 3159 varie·

198 3182 245 3232 tas
266 3183 310 3232 est
330 3175 547 3234 animadversa.
589 3175 621 3233 N
622 3196 672 3233 am
686 3197 760 3267 qnos
774 3197 849 3236 avus
863 3177 968 3237 Conon
982 3199 1083 3237 muros

140 3309 141 3312 ,
199 3271 238 3309 ex
252 3252 382 3309 hostium
397 3253 510 3329 praeda
523 3255 641 3344 patriae
655 3274 701 3312 res
703 3255 836 3327 tituerat,
849 3257 967 3314 eosdem
981 3277 1083 3334 nepos,

199 3349 268 3387 cum
289 3350 407 3388 summa
427 3331 593 3407 ignominia
613 3333 756 3404 familiae,
771 3355 810 3392 ex
823 3355 878 3393 sua
892 3355 924 3394 re
937 3336 1080 3395 familiari

198 3407 319 3466 reficere
339 3417 459 3468 coactus
479 3418 531 3468 est.
572 3409 724 3470 Timothei
736 3422 842 3472 autem.
853 3414 1026 3474 moderatae
1038 3436 1083 3476 se·
