2475 3792
442 289 704 335 elusanus
1030 269 1072 336 2⁷

131 443 231 505 violari
245 444 330 504 nefas
345 455 463 523 putant
477 445 593 506 Graeci.
637 445 684 506 Eo
702 445 756 506 ille
773 444 868 504 index
882 442 1018 522 confugit

130 524 159 582 in
171 544 281 602 araque
296 526 447 586 consedit.
488 525 579 586 Hanc
590 526 683 604 juxta
696 524 798 586 locum
811 525 949 584 fecerunt
960 524 1017 584 sub

130 611 213 675 terra,
226 625 265 663 ex
286 625 349 682 quo
371 613 475 684 posset
495 605 605 678 audiri,
619 607 645 664 si
665 606 738 684 quis·
751 605 826 684 quid
845 604 1019 684 loqueretur

128 703 192 742 cnm
202 683 335 762 Argilio.
380 685 457 746 Huc
470 706 510 745 ex
523 685 644 764 ephoris
655 686 779 764 quidam
790 684 1018 746 descenderunt.

128 762 297 838 Pausanias,
313 773 350 824 ut
370 765 493 827 audivit
506 764 663 844 Argilium
684 765 852 843 confugisse
871 764 903 823 in
924 785 1018 838 aram,
1052 763 1071 824 5

127 843 319 920 perturbatus
346 847 437 906 venit
463 866 506 907 eo.
549 845 650 921 Quem
677 866 747 905 curn
773 843 942 923 supplicem
969 844 1019 904 dei

126 921 237 982 videret
251 923 285 983 in
300 945 359 985 ara
373 926 536 998 sedentem,
551 926 678 1004 quaerit,
693 945 802 984 causae
815 924 889 1002 quid
902 925 942 984 sit
955 933 1019 986 tam

126 1003 279 1080 repentino
302 1007 442 1066 consilio.
483 1005 568 1065 Huic
589 1005 651 1076 ille,
664 1004 739 1085 quid
758 1025 798 1064 ex
814 1004 923 1064 litteris
940 1025 1019 1065 com·

126 1082 254 1159 perisset,
269 1086 383 1163 aperit.
425 1085 518 1146 Modo
533 1085 630 1163 magis
644 1085 810 1145 Pausanias
824 1084 1018 1162 perturbatus

126 1181 208 1222 oraro
228 1166 342 1244 coepit,
357 1187 397 1228 ne
418 1166 598 1238 enuntiaret,
616 1185 673 1225 nec
692 1185 725 1225 se
744 1164 886 1224 meritum
906 1164 944 1224 de
964 1163 1073 1225 illoto

17 1313 21 1326 Ι
126 1243 235 1320 optime
255 1246 403 1324 proderet
413 1257 434 1330 :j
442 1246 522 1325 quod
543 1246 568 1306 si
588 1265 656 1304 eam
676 1245 799 1307 veniam
818 1243 876 1303 sihi
890 1244 1019 1305 dedisset

126 1323 276 1404 tantisque
301 1325 497 1405 implicatum
524 1323 614 1385 rebus
641 1325 835 1397 sublevasset,
859 1345 970 1404 mugno
990 1325 1018 1385 ei

126 1405 258 1480 praemio
273 1406 427 1467 futurum.

164 1483 205 1545 V.
227 1485 291 1546 His
305 1487 397 1548 rebus
411 1485 516 1566 ephori
531 1485 659 1565 cognitis
678 1485 773 1546 satius
786 1494 972 1565 putaverunt
986 1485 1018 1545 in

126 1563 198 1624 urbe
220 1585 293 1626 eum
317 1567 541 1645 comprehendi.
584 1567 745 1643 Quocum
765 1575 863 1626 essent
904 1566 1017 1640 rofecti‚
1033 1565 1072 1627 15

126 1651 154 1702 et
174 1644 357 1720 Pausanias,
371 1647 492 1726 placato
506 1647 637 1726 Argilio,
658 1656 693 1706 ut
712 1646 850 1726 putabat,
933 1646 1018 1706 edac-

127 1743 245 1786 monem
264 1736 478 1800 reverteretur,
493 1727 525 1786 in
542 1727 658 1800 itinere,
672 1748 742 1788 cum
764 1727 825 1786 'am
838 1726 871 1786 in
884 1747 919 1786 eo
933 1736 1018 1800 esset,

49 1849 51 1852 -
128 1813 160 1864 ut
174 1807 492 1886 comprehenderetur,
506 1828 546 1867 ex
560 1807 650 1867 vultu
665 1809 711 1886 cuj
771 1826 821 1866 am
835 1807 950 1900 ephori,
965 1805 1018 1886 qui

128 1903 195 1946 eum
208 1888 370 1948 admoneri
385 1887 535 1966 cupiebat,
549 1887 673 1948 insidias
692 1887 751 1948 sibi
770 1887 837 1947 fieri
856 1887 1017 1948 intellexit.

128 1962 236 2046 ltaque
250 1968 358 2048 paucis
372 1977 443 2027 ante
456 1967 609 2046 gradihus
625 1988 716 2047 quam
734 1967 787 2046 qui
806 1968 1017 2047 sequebantur,
1033 1971 1072 2033 20

128 2044 159 2104 iu
179 2049 288 2109 aedem
310 2047 476 2121 Minervae,
491 2068 569 2126 quae
589 2047 774 2108 chalcioecos
793 2058 929 2120 vocatur,
950 2069 1017 2108 con-

129 2125 215 2205 fugit
258 2128 346 2188 Hinc
370 2148 408 2187 nc
432 2128 515 2188 exire
538 2138 646 2207 posset,
666 2129 769 2188 statim
790 2149 807 2188 e
829 2128 896 2189 hori
910 2129 1018 2190 valvas

130 2207 190 2284 ejus
204 2209 291 2270 aedis
305 2207 522 2268 obstruxerunt
535 2216 708 2288 tectumque
720 2218 792 2268 sunt
802 2149 947 2282 demoliti,
958 2229 1018 2287 quo

131 2287 257 2349 celerius
270 2288 327 2349 sub
342 2288 413 2349 divo
427 2289 571 2349 interiret.
613 2289 736 2352 Dicitur
753 2309 789 2349 eo
805 2298 940 2368 tempore
956 2310 1018 2349 ma·

131 2375 206 2430 trem
236 2369 407 2430 Pausaniae
430 2369 550 2442 vixisse,
574 2389 701 2448 eamque
716 2370 782 2449 jam
803 2389 913 2448 magno
933 2379 1017 2443 natu,
1032 2373 1072 2434 25

131 2459 290 2530 postquam
305 2449 343 2510 de
356 2449 467 2509 scelere
479 2449 535 2509 filii
546 2451 700 2529 comperit,
711 2451 743 2509 in
754 2450 859 2528 primis
870 2450 909 2509 ad
919 2449 1018 2510 filium

133 2529 335 2590 claudendum
362 2529 496 2608 lapidem
521 2531 561 2590 ad
585 2530 743 2590 introitum
767 2530 850 2590 aedis
874 2530 1018 2591 attulisse

132 2609 179 2671 Sic
205 2609 372 2670 Pausanias
396 2630 538 2688 magnam
562 2610 636 2670 belli
662 2610 792 2689 gloriam
815 2620 849 2669 tu
888 2610 898 2668 i
922 2619 1019 2670 morte

133 2690 307 2752 maculavit.
349 2689 412 2750 Hic
435 2710 504 2749 cum
526 2691 710 2752 semianimis
730 2691 767 2750 de
787 2631 900 2769 templo
921 2690 1018 2750 elatus

133 2781 214 2844 esset,
229 2769 385 2831 confestim
401 2771 534 2831 animam
548 2771 671 2833 efflavit.
713 2771 807 2850 cujus
826 2770 938 2829 mortui
956 2790 1019 2830 cor·
1032 2774 1073 2836 30

132 2869 186 2930 pus
211 2871 282 2910 cum
306 2849 411 2910 eodem
435 2852 575 2911 nonnulli
596 2852 729 2912 dicerent
749 2850 854 2910 inferri
872 2859 1018 2928 oportere,

133 2953 189 3011 quo
204 2931 235 3004 ii,
247 2930 300 3009 qui
314 2930 355 2989 ad
369 2931 552 3009 supplicium
566 2943 663 2992 essent
676 2932 750 3003 dati,
761 2929 916 3007 displicuit
925 2929 1019 3006 pluri-

132 3011 194 3085 bus,
214 3019 245 3071 ct
286 3009 371 3069 rocul
391 3011 430 3070 ab
451 3031 485 3071 eo
507 3012 572 3072 loco
593 3011 776 3083 infoderunt,
790 3029 851 3088 quo
864 3017 930 3067 erat
943 3028 1020 3067 mor·

132 3102 208 3152 tuus.
269 3089 330 3149 nde
350 3091 496 3168 posterius
520 3091 568 3151 dci
591 3091 734 3169 Delphici
756 3107 895 3166 responso
916 3098 1019 3148 erutus

134 3187 222 3252 atque
236 3169 343 3232 eodem
358 3169 422 3230 loco
436 3171 571 3250 sepultus
585 3181 638 3243 est,
653 3171 705 3230 ubi
719 3171 815 3231 vitam
830 3175 979 3245 posuerat.
1033 3172 1074 3233 35

428 3303 742 3548 aare
