2475 3792
492 247 730 296 OHABRIAS.

774 386 870 448 ΨΜ

370 577 491 682 xm.
527 607 837 682 calamis.
943 566 948 576 ’

506 769 720 810 -οοὲοζοο-

183 887 208 948 Ι.
224 887 415 952 CnABRrAs
426 891 631 953 Atheniensis.
672 889 735 952 Hic
749 910 869 971 quoque
882 891 915 952 in
928 891 1053 954 summis

142 965 268 1030 habitus
290 980 340 1031 est
363 973 499 1032 ducibus
523 992 629 1051 resque
648 973 761 1032 multas
781 973 926 1032 memoria
946 973 1052 1067 dignas

142 1049 242 1126 gessit.
288 1050 355 1111 Sed
371 1072 415 1112 ex
428 1053 477 1112 his
491 1052 590 1112 elucet
606 1052 740 1112 maxime
756 1052 915 1113 inventum
936 1054 999 1132 ejus
1020 1074 1052 1113 m

143 1130 271 1206 proelio,
287 1133 380 1210 quod
404 1154 423 1193 a
444 1132 487 1192 ud
508 1132 627 1192 Thebas
648 1132 812 1205 faciteam
833 1132 965 1192 Boeotiis
984 1133 1052 1194 sub·

142 1208 221 1270 sidio
232 1213 387 1272 venisset.
423 1153 572 1290 {lamque
582 1213 614 1271 in
626 1232 661 1272 eo
671 1213 800 1274 victoria
810 1212 921 1274 fidente
933 1233 1051 1274 summo
1085 1211 1105 1272 5

144 1288 222 1350 duce
230 1290 402 1370 Agesilao,
413 1293 527 1371 fugatis
536 1294 601 1371 jam
613 1292 653 1352 ab
663 1313 697 1352 eo
708 1293 904 1353 conducticiis
914 1294 1050 1367 catervis,

144 1370 303 1449 reliquam
327 1373 518 1452 phalangem
539 1373 604 1432 loco
625 1373 723 1434 vetuit
744 1373 858 1444 cedere,
879 1373 1051 1453 obnixoque

144 1469 226 1527 genu
242 1461 348 1525 scuto,
360 1454 496 1532 projecta
510 1453 597 1513 hasta
610 1453 758 1532 impetum
772 1454 910 1532 excipere
920 1454 1051 1514 hostium

145 1528 263 1592 docuit.
311 1533 355 1592 Id
370 1553 484 1594 novum
498 1533 661 1611 Agesilaus
677 1542 821 1593 contuens
835 1534 976 1613 progredi
990 1554 1051 1594 non

145 1619 192 1670 est
217 1632 320 1673 ausus
347 1633 474 1691 suosque
494 1614 560 1693 jam
584 1613 770 1673 incurrentes
792 1613 867 1674 tuba
888 1614 1049 1675 revocavit
1066 1612 1104 1674 10

146 1688 221 1751 Hoc
242 1713 350 1772 usque
370 1713 404 1752 eo
425 1702 490 1753 tota
507 1692 637 1753 Graecia
653 1694 737 1752 ferna
750 1692 935 1753 celebratum
948 1703 1001 1766 est,
1016 1704 1051 1754 ut

147 1770 204 1831 illo
226 1781 321 1833 statu
342 1773 490 1833 Chabrias
510 1773 568 1833 sibi
587 1782 720 1833 statuam
741 1773 806 1832 fieri
822 1773 959 1846 voluerit,
973 1793 1050 1852 quae

148 1852 281 1930 publice
305 1855 334 1912 ei
354 1853 393 1913 ab
413 1853 651 1913 Atheniensibus
671 1854 704 1912 in
725 1853 790 1913 foro
810 1854 974 1914 constituta
996 1863 1048 1914 est

149 1931 204 1991 Ex
219 1955 287 2012 quo
302 1935 418 1994 factum
433 1943 485 2005 est,
501 1944 536 1993 ut
549 1942 652 2012 postea
666 1933 799 1994 athletae
812 1934 961 2012 ceterique
980 1933 1050 1993 arti-

150 2011 224 2074 fices
239 2015 293 2074 his
306 2014 434 2074 statibus
445 2015 478 2072 in
492 2014 598 2074 statuis
609 2014 755 2093 ponendis
766 2022 930 2087 uterentur,
941 2013 1050 2093 quibus
1065 2011 1103 2073 15

152 2094 321 2154 victoriam
336 2103 434 2154 essent
447 2094 558 2172 adepti.

196 2174 245 2236 II.
268 2174 416 2235 Chabrias
437 2183 539 2234 autem
559 2174 658 2234 multa
671 2173 703 2233 in
717 2173 843 2253 Europa
855 2172 938 2235 bella
956 2173 1048 2234 admi-

156 2254 313 2330 nistravit,
328 2277 397 2316 cum
415 2255 481 2314 dux
494 2253 727 2315 Atheniensium
749 2263 841 2327 esset;
861 2255 893 2314 in
908 2255 1049 2334 Aegypto

156 2355 215 2396 sua
236 2346 342 2416 sponte
362 2336 461 2416 gessit.
503 2335 585 2395 Nam
605 2335 798 2395 Nectanabin
821 2335 959 2413 adjutum
983 2354 1049 2412 pro·

158 2415 265 2490 fectus,
281 2437 408 2496 regnum
423 2417 452 2475 ei
465 2416 628 2476 constituit.
669 2415 757 2475 Fecit
777 2415 856 2474 idem
877 2413 980 2493 Cypri,
996 2414 1048 2474 sed
1063 2414 1102 2475 20

159 2497 283 2576 publice
304 2499 343 2558 ab
364 2496 601 2556 Atheniensibus
623 2496 782 2574 Euagorae
802 2494 923 2572 adjutor
942 2493 1048 2567 datus;
1069 2534 1078 2542 -

161 2597 258 2656 neque
272 2579 357 2657 prius
371 2577 442 2636 inde
456 2577 597 2649 discessit,
608 2596 701 2655 quam
715 2584 809 2635 totam
823 2573 954 2633 insulam
968 2573 1049 2634 bello

161 2657 350 2718 devinceret:
372 2677 434 2736 qua
447 2676 486 2716 ex
500 2676 533 2716 re
545 2656 746 2715 Athenienses
763 2675 905 2733 magnam
919 2653 1049 2732 gloriam

163 2748 232 2799 sunt
259 2739 371 2817 adepti.
422 2737 549 2796 Interim
576 2737 693 2796 bellum
719 2736 798 2794 inter
824 2734 992 2813 Aegyptios
1019 2744 1049 2794 et

163 2817 268 2878 Persas
289 2817 455 2878 conflatum
475 2825 527 2876 est.
567 2817 768 2876 Athenienses
788 2836 856 2874 cum
873 2814 1050 2873 Artaxerxe
1063 2812 1103 2873 25

162 2900 335 2959 societatem
348 2895 520 2968 habebant;
541 2896 774 2957 Lacedaemonii
795 2915 864 2955 cum
878 2893 1048 2972 Aegyptiis,

162 3000 181 3038 a
194 2979 304 3058 quibus
319 2997 444 3055 magnas
458 2978 584 3056 praedas
594 2975 763 3055 Agesilaus,
775 2995 829 3035 rex
840 2994 952 3045 eorum,
961 2973 1050 3032 facie·

162 3057 222 3119 bat.
265 3057 304 3117 Id
323 3061 444 3116 intuens
458 3056 613 3129 Chabrias,
629 3077 698 3117 eum
712 3056 744 3114 in
759 3075 798 3114 re
805 3053 891 3113 nulla
905 3052 1049 3131 Agesilao

163 3139 289 3208 cederet,
303 3157 360 3196 sua
380 3146 485 3214 sponte
499 3157 547 3196 eos
561 3137 700 3216 adjutum
714 3134 864 3212 profectus
879 3132 1050 3211 Aegyptiae

163 3218 250 3278 classi
265 3217 408 3296 praefuit,
422 3216 609 3292 pedestribus
624 3216 716 3290 copiis
730 3213 899 3287 Agesilaus.
1064 3208 1103 3264 30

203 3297 265 3356 ΙΙΙ.
287 3295 367 3355 Tum
387 3293 529 3372 praefecti
551 3293 628 3368 regis
648 3293 758 3349 Persae
775 3290 888 3362 legatos
906 3286 1052 3341 miserunt

164 3376 304 3436 Athenas
326 3383 475 3452 questum,
496 3372 576 3448 quod
597 3368 745 3426 Chabrias
768 3365 928 3420 adversum
952 3377 1052 3442 regem

165 3456 282 3516 bellurn
306 3461 424 3531 gereret
448 3470 517 3508 cum
542 3445 711 3522 Aegyptiis.
752 3436 950 3496 Athenienses
974 3433 1053 3485 diem
