2475 3792
163 266 205 328 22
435 286 651 332 6611611111
682 286 875 332 11666116.

215 439 314 500 iorum
328 440 361 500 in
375 442 499 501 domum
513 450 598 501 tuam
613 441 713 515 intuli,
728 442 875 522 quamdiu
889 441 966 502 mihi
985 463 1104 504 necesse

215 519 274 580 fuit
288 521 366 590 adve
397 543 449 580 um
457 531 575 599 patrem
584 529 672 581 tuum
681 521 796 582 bellare
804 523 996 602 patriamque
1004 545 1103 583 meam

215 599 398 661 defendere<
412 600 499 661 Idem
510 602 607 662 multo
622 601 713 681 plura
723 601 803 662 bona
817 602 885 685 1661,
921 614 1060 682 ostquam
1071 603 1103 662 in

215 688 282 740 tuto
295 681 367 760 ipse,
377 690 407 741 et
420 680 473 741 illo
487 681 518 740 in
533 681 669 760 periculo
680 703 741 742 6666
756 677 882 768 coepit!
891 623 974 742 iiam
989 704 1060 742 cum
1071 683 1103 742 in

181 759 330 822 5Asiam,
343 761 454 821 reverti
474 761 576 834 vellet,
595 762 710 840 proelio
731 762 814 840 apud
834 761 993 822 Salamina
1012 764 1102 837 facto,

213 840 323 900 litteris
341 861 410 901 eum
432 842 588 901 certiorem
609 841 677 914 feci,
691 841 723 915 id
737 842 797 920 agi,
810 849 846 901 ut
866 863 950 920 6666,
965 863 1057 923 quem
1070 845 1102 903 in

214 919 415 998 Hellesponto
429 920 550 994 fecerat,
565 920 780 991 dissolveretur
799 931 891 1061 a'qque
904 923 944 982 ab
965 923 1102 984 hostibus

214 1001 441 1075 circumiretur3
462 1021 523 1080 quo
536 1001 645 1062 nuntio
658 1002 712 1062 ille
731 1003 814 1082 peric
849 1011 926 1063 6661
945 1002 1102 1066 liberatus,

213 1079 306 1140 Nunc
319 1090 422 1141 autem
436 1082 559 1160 confugi
570 1082 609 1142 ad
623 1090 662 1155 te,
671 1082 843 1161 exagitatus
856 1103 876 1142 a
889 1092 1000 1143 cuncta
1009 1083 1103 1144 Grae-

111 1172 112 1176 ’
160 1163 199 1224 10
214 1161 269 1234 616,
290 1169 376 1221 tuam
397 1170 502 1241 petens
525 1162 708 1235 amicitiam;
730 1183 822 1241 quam
844 1163 871 1222 si
891 1183 942 1223 ero
963 1164 1101 1242 adeptus,

212 1262 273 1301 non
287 1242 387 1302 minus
400 1263 449 1302 me
462 1241 576 1302 bonurn
590 1243 723 1302 amicum
736 1243 870 1316 habebis,
884 1264 977 1323 quam
991 1244 1101 1304 fortem

212 1322 370 1388 inimicum
391 1322 443 1382 ille
464 1333 606 1403 expertus
626 1331 678 1384 661.
720 1323 769 1384 Ε6
788 1334 891 1384 autem
911 1345 993 1402 rogo,
1007 1334 1043 1385 ut
1063 1327 1102 1385 de

211 1401 259 1464 his
284 1401 382 1476 rebus,
403 1423 478 1482 quas
501 1412 602 1463 tecum
627 1403 760 1482 colloqui
774 1405 851 1476 volo,
866 1426 1003 1465 annuum
1022 1406 1100 1465 mihi

211 1490 330 1561 tempus
344 1482 396 1543 (166
409 1503 504 1560 eoque
516 1491 669 1544 transacto
683 1485 723 1544 ad
736 1492 767 1544 te
780 1485 884 1546 venire
897 1485 1051 1563 patiaris'’

159 1566 197 1626 15
252 1562 295 1623 X.
316 1563 421 1643 Hujus
430 1584 485 1623 rex
496 1564 591 1623 animi
601 1565 841 1644 magnitudinem
852 1565 1007 1625 admirans
1017 1567 1100 1645 cupi·

212 1663 323 1723 ensque
346 1642 441 1704 talem
464 1644 565 1705 virum
589 1644 648 1705 sibi
671 1645 837 1718 conciliari,
859 1646 980 1707 veniam
1005 1646 1098 1707 dedit

178 1741 181 1748 ·
211 1723 271 1784 Ille
285 1745 373 1784 omne
386 1723 466 1783 illud
479 1732 598 1803 tempus
612 1724 720 1785 litteris
734 1725 923 1804 sermonique
936 1725 1099 1787 Persarum

210 1824 242 1864 se
255 1805 372 1864 dedidit
381 1825 389 1877 ;
410 1803 519 1883 quibus
541 1805 614 1864 adeo
636 1805 772 1864 eruditus
791 1814 845 1878 661,
859 1814 895 1865 61
907 1807 1005 1866 166116
1020 1827 1098 1867 com·

210 1885 329 1944 modius
349 1885 469 1944 dicatur
488 1885 571 1962 apud
591 1905 693 1963 regem
712 1886 807 1947 verba
827 1886 939 1958 fecisse,
960 1907 1054 1966 quarn
1075 1888 1098 1947 ii

156 1969 196 2029 20
210 1973 359 2044 poterant,
373 1965 426 2044 qui
440 1965 472 2023 in
486 1963 609 2025 Perside
623 1973 710 2025 erant
722 1965 797 2025 nati.
838 1965 902 2026 Hic
914 1986 985 2026 6616
999 1968 1099 2028 616116

210 2045 275 2124 regi
289 2055 365 2104 esset
377 2044 538 2124 pollicitus,
552 2045 817 2124 gratissimumque
830 2045 918 2119 illud,
932 2047 964 2121 siv
975 2049 1037 2107 suis
1051 2049 1099 2108 uti

210 2125 341 2186 consiliis
359 2124 461 2197 vellet,
482 2124 571 2188 illum
592 2123 754 2184 Graeciam
774 2126 854 2185 bello
875 2147 1098 2206 oppressurum,

209 2206 327 2284 magnis
347 2204 522 2264 muneribus
541 2203 581 2264 ab
595 2203 771 2265 Artaxerxe
791 2206 921 2266 donatus
941 2207 974 2266 in
987 2207 1097 2268 Asiam

210 2287 300 2346 rediit
336 2285 583 2364 domiciliumque
621 2283 798 2364 Magnesiae
834 2287 891 2346 sibi
930 2288 1096 2350 constituit

102 2419 104 2423 ,
155 2370 195 2428 25
209 2366 350 2444 Namque
372 2366 451 2425 hanc
474 2365 582 2424 urbem
609 2365 639 2424 ei
664 2386 719 2425 rex
746 2365 884 2440 donarat,
904 2367 952 2428 his
972 2369 1096 2446 quidem
1118 2433 1121 2436 ,

208 2445 324 2508 verbis:
353 2466 431 2524 quae
450 2444 480 2505 ei
498 2465 609 2524 panem
629 2446 787 2525 praeberet
812 2446 865 2518 (ex
889 2468 951 2526 qua
974 2449 1096 2527 regione

209 2527 430 2606 quinquaginta
443 2525 559 2586 talenta
573 2527 735 2605 quotannis
756 2526 929 2606 redibant);
949 2528 1096 2608 Lampsa·

209 2628 277 2666 cum
292 2615 403 2679 autem,
414 2607 494 2665 unde
507 2607 614 2667 vinum
627 2614 759 2667 sumeret
767 2627 775 2679 ;
797 2607 967 2686 Myuntem,
981 2629 1021 2669 ex
1034 2631 1096 2689 qua

207 2687 366 2765 opsonium
390 2686 523 2746 haberet.
565 2685 669 2765 Hujus
692 2687 733 2746 ad
755 2696 890 2747 nostram
916 2690 1095 2750 memoriam

154 2769 194 2829 30
209 2775 404 2827 monumenta
417 2775 593 2826 mansemnt
606 2767 687 2828 duo:
707 2767 881 2845 sepulcrum
899 2789 994 2848 prope
1012 2771 1096 2850 oppi-

208 2848 291 2921 dum,
305 2847 337 2906 in
351 2867 411 2926 quo
424 2855 469 2906 est
482 2846 634 2925 sepultus3
655 2856 773 2907 statuae
785 2848 818 2907 in
832 2848 896 2908 foro
910 2850 1095 2928 Magnesiae.

208 2928 257 3004 Dc
270 2929 355 3007 cujus
368 2935 464 2986 morte
477 2926 665 2987 multimodis
678 2928 761 3006 apud
774 2928 932 3008 plerosque
948 2931 1096 3009 scriptum

208 3002 268 3079 cst;
289 3007 341 3067 sed
361 3027 415 3066 nos
436 3007 565 3066 eundem
584 3008 775 3086 potissimum
794 3008 1006 3088 Thucydidem
1026 3031 1097 3072 auc·

207 3098 303 3147 torem
327 3087 498 3167 probamus,
522 3087 574 3166 qui
601 3087 691 3147 illum
718 3089 763 3147 ait
790 3088 965 3168 Magnesiae
988 3091 1097 3153 morbo

153 3170 193 3229 35
207 3179 378 3240 mortuum;
399 3187 495 3246 neque
515 3176 607 3245 negat
626 3167 717 3228 fuisse
738 3168 860 3241 famam,
875 3190 1026 3231 venenum
1039 3193 1097 3234 sua

207 3255 312 3326 sponte
325 3247 492 3326 sumpsisse,
502 3267 571 3306 cum
585 3268 625 3320 se,
636 3269 714 3326 quae
724 3249 787 3326 regi
801 3249 839 3308 de
850 3248 981 3310 Graecia
994 3253 1096 3330 oppri-

207 3329 318 3386 menda
341 3327 494 3406 pollicitus
518 3335 601 3399 66661,
623 3337 777 3406 praestare
821 3350 884 3388 osse
913 3330 1095 3411 desperaret,
1111 3367 1127 3386 -.

207 3407 293 3468 Idem
318 3427 384 3468 ossa
406 3407 469 3485 ejus
496 3406 576 3466 clam
601 3407 634 3465 in
654 3407 761 3468 Attica
780 3349 820 3468 ab
840 3409 945 3470 amicis
964 3406 1099 3488 sepultii,

207 3488 350 3566 quoniam
368 3486 486 3564 legibus
503 3507 564 3546 non
584 3487 804 3560 concederetur,
819 3490 900 3566 quod
914 3491 1103 3568 proditionis·

152 3568 192 3627 40
207 3576 281 3626 66661
294 3567 464 3628 damnatus.
478 3566 641 3626 memoriae
653 3567 796 3645 prodidit
1015 3578 1029 3614 ¹
