2475 3792
162 256 225 320 118
446 270 659 320 coarann
689 269 882 320 aaronis.

213 427 345 490 duceret
386 427 494 508 Neque
513 428 546 488 id
566 428 638 488 fecit
657 437 768 489 natura
788 428 896 502 solum,
917 446 1104 509 quamquam

213 529 316 570 omues
342 509 370 569 ei
397 529 545 588 paremus,
569 509 621 568 sed
648 509 740 569 etiam
768 509 914 568 doctriua.
965 509 1049 569 Nam
1075 519 1106 569 et

213 589 386 668 principum
407 588 656 668 philosophorum
676 589 720 648 ita
734 598 876 668 percepta
896 589 1009 649 habuit
1022 610 1106 669 prae·

214 678 310 749 cepta,
331 679 366 730 ut
386 668 422 729 iis
443 669 484 729 ad
498 669 593 729 vitam
615 669 775 749 agendam,
789 689 850 728 non
871 669 911 728 ad
932 670 1107 730 ostentatio

180 749 283 810 bnem
298 759 440 810 uteretur.

254 828 383 891 XVIII.
404 827 499 890 Moris
519 827 612 889 etiam
636 829 785 908 majorum
809 847 945 889 summus
970 829 1108 890 imitator

213 909 273 970 fuit
296 909 545 989 antiquitatisque
572 918 699 981 amator,
720 927 812 988 quam
839 909 914 970 adeo
942 910 1107 989 diligenter

213 989 322 1050 habuit
335 990 496 1069 cognitam,
510 998 546 1049 ut
559 1008 627 1049 eam
641 999 735 1050 totam
750 990 783 1048 in
796 1009 831 1049 eo
844 990 1003 1051 volumine
1017 1011 1107 1068 expo

213 1071 316 1143 suerit,
340 1091 400 1150 quo
426 1070 621 1149 magistratus
645 1070 774 1130 ornavit
815 1069 914 1129 Nulla
937 1071 1020 1130 enim
1047 1071 1106 1142 lex,

161 1150 201 1212 10
214 1171 310 1230 neque
331 1171 402 1229 pax,
415 1168 512 1229 neque
532 1149 658 1223 bellum,
671 1169 768 1229 neque
788 1169 835 1210 res
855 1150 984 1210 illustris
998 1159 1045 1211 est
1058 1171 1107 1230 po

213 1230 280 1309 puli
294 1231 434 1303 Romani,
448 1250 526 1310 quae
545 1250 605 1290 nou
619 1231 652 1288 iu
666 1251 701 1291 eo
714 1251 768 1290 suo
781 1240 917 1309 tempore
929 1230 970 1290 sit
983 1240 1105 1292 notata:

213 1319 253 1384 et,
266 1311 347 1390 quod
368 1309 582 1371 difficillimum
603 1310 671 1383 fuit,
686 1311 728 1370 sic
748 1309 935 1370 familiarum
957 1312 1105 1392 originem

213 1390 377 1465 subtexuit,
401 1400 436 1451 ut
461 1409 502 1451 ex
528 1411 563 1451 eo
590 1391 742 1451 clarorum
765 1391 900 1453 virorum
924 1393 1107 1471 propagines

214 1473 360 1551 possimus
380 1489 565 1550 cognoscere
606 1470 694 1532 Fecit
710 1470 767 1531 hoc
787 1471 867 1531 idem
888 1474 1054 1551 separatim
1074 1473 1105 1532 in

161 1554 200 1615 15
214 1552 282 1612 aliis
296 1550 398 1623 libris;
419 1561 454 1611 ut
467 1550 511 1619 M.
526 1550 616 1611 Bruti
637 1561 746 1632 rogatu
765 1550 893 1613 ‚Iuniam
914 1553 1066 1613 tamillam
1087 1574 1105 1613 a
1210 1617 1211 1640 χ

213 1634 308 1712 stirpe
323 1632 364 1691 ad
384 1631 464 1692 hano
477 1640 607 1692 aetatem
621 1632 727 1692 ordine
740 1633 972 1705 enumeraverit,
987 1643 1103 1707 notans,
1210 1659 1211 1662 ¹

213 1713 267 1792 qui
280 1733 301 1772 a
314 1732 432 1792 quoque
446 1721 538 1785 ortus
552 1731 628 1791 quos
641 1712 767 1772 honores
781 1712 950 1792 quibusque
964 1715 1104 1793 tempori·

213 1792 270 1854 bus
283 1793 422 1872 cepisset;
443 1793 510 1872 pari
532 1793 622 1853 modo
644 1792 785 1852 Marcelli
799 1791 930 1867 Claudii,
941 1793 1102 1855 Marcello

214 1893 292 1947 rum,
305 1873 454 1952 ScipIonis
468 1872 601 1934 Cornelii
622 1882 653 1933 et
673 1871 763 1932 Fabii
780 1872 921 1947 Maximi,
935 1872 1103 1936 Fabiorum

161 1957 200 2019 20
214 1964 244 2015 et
254 1953 473 2014 Aemiliorum:
493 1953 604 2033 quibus
617 1954 703 2015 libris
716 1955 793 2015 nibil
804 1964 974 2035 potestesse
984 1956 1104 2017 dulcius

214 2039 260 2112 iis,
270 2038 323 2118 qui
336 2039 472 2118 aliquam
482 2037 680 2116 cupiditatem
691 2036 805 2096 habent
815 2036 940 2097 notitiae
950 2037 1103 2098 clarorum

213 2120 357 2180 virorum.
398 2117 644 2198 Attigitquoqne
700 2118 807 2190 ''ticen3
821 2118 1103 2192 credimus,nee'us

214 2219 321 2279 expers
344 2208 420 2260 emet
442 2199 610 2260 suavitatis
684 2219 793 2278 amque
813 2199 957 2272 versibus,
1000 2199 1033 2259 ui
1054 2142 1103 2260 lto

214 2300 286 2340 nore
300 2299 460 2359 rerumque
473 2288 626 2359 gestarum
636 2279 840 2361 amplitudine
848 2289 959 2340 ceteros
1000 2281 1102 2340 omani

160 2361 199 2424 25
213 2360 319 2440 populi
333 2361 556 2440 praestiterunt,
570 2361 710 2439 exposuit
729 2361 782 2432 ita,
796 2370 831 2420 ut
843 2359 899 2420 sub
913 2359 1102 2438 singulorum

213 2439 396 2519 imaginibus
409 2440 491 2501 facta
504 2441 756 2520 magistratusque
770 2459 872 2500 eorum
889 2460 949 2500 non
970 2441 1102 2519 amplius

213 2521 367 2600 quaternis
390 2520 529 2600 quinisve
547 2521 684 2582 versibus
708 2520 912 2600 descripserit:
941 2521 1022 2600 quod
1048 2522 1101 2582 vix

213 2601 396 2662 credendum
410 2601 459 2673 sit,
469 2609 569 2661 tantas
583 2621 630 2661 res
644 2610 706 2660 tam
722 2601 853 2662 breviter
863 2601 994 2680 potuisse
1004 2601 1101 2662 decla·

213 2681 284 2741 rari.
326 2681 383 2741 Est
409 2682 500 2741 etiam
529 2701 607 2741 unus
635 2681 722 2754 liber,
742 2679 858 2742 Graece
881 2681 1044 2755 confectus,
1065 2682 1100 2742 de

159 2761 199 2825 30
213 2761 371 2822 consulatu
386 2761 546 2822 Ciceronis.

253 2841 349 2901 XIX.
375 2841 533 2902 Hactenus
554 2841 660 2902 Attico
679 2840 752 2902 vivo
773 2841 855 2902 edita
876 2861 895 2901 a
914 2840 1001 2902 nobis
1022 2851 1098 2902 sunt.
1177 2859 1181 2866 ·

212 2920 243 2981 N
245 2941 313 2994 unc,
328 2922 471 3000 quoniam
486 2921 608 2982 fortuna
622 2943 676 2982 nos
689 2923 862 3001 superstites
876 2921 903 2982 ei
918 2942 979 2982 esse
993 2922 1098 2995 voluit,

212 3002 330 3079 reliqua
343 3021 564 3079 persequemur,
574 3011 613 3075 et,
628 3011 776 3082 quantum
791 3003 984 3082 potuerimus,
1000 3022 1097 3062 rerum

212 3080 358 3158 exemplis
377 3080 501 3140 lectores
514 3081 695 3154 docebimus,
712 3082 790 3142 sicut
810 3085 901 3160 supra
921 3081 1098 3160 significavi·

158 3159 197 3218 35
211 3178 286 3230 mus,
300 3179 369 3218 suos
388 3160 497 3236 cuique
517 3180 613 3220 mores
634 3161 813 3240 plerumque
833 3161 995 3221 conciliare
1008 3162 1098 3222 fortu-

211 3255 290 3294 nam.
332 3237 473 3314 Namque
500 3239 549 3298 hic
573 3248 731 3300 contentus
755 3241 859 3300 ordine
880 3241 1020 3320 equestri,
1041 3262 1098 3321 quo

211 3323 276 3371 erat
295 3324 387 3385 ortus,
408 3316 440 3372 in
461 3317 639 3376 affinitatem
660 3321 799 3396 pervenit
826 3321 1016 3398 imperatoris
1036 3323 1097 3383 divi

210 3391 283 3462 filii;
303 3412 373 3450 cum
388 3393 454 3470 jam
475 3405 546 3453 ante
561 3395 801 3457 familiaritatem
822 3400 885 3476 ejus
906 3409 981 3460 esset
1002 3419 1098 3461 conse

210 3477 297 3526 cutus
310 3470 396 3528 nulla
410 3471 472 3529 alia
485 3492 517 3531 re
531 3493 623 3550 quam
637 3476 787 3553 elegantia
803 3478 892 3550 vitae,
907 3499 968 3556 qua
989 3489 1097 3541 ceteros

157 3545 196 3604 40
211 3556 330 3622 ceperat
356 3549 507 3626 principes
535 3553 676 3626 civitatis,
701 3556 849 3633 dignitate
877 3559 953 3634 pari,
977 3559 1097 3623 fortuna
