2475 3792
445 268 703 316 antemnas.
1032 252 1071 318 71

140 429 207 496 tum,
226 432 370 502 perpetuo
395 425 495 486 alieno
520 426 655 505 paruisse
674 425 819 503 imperim
847 433 954 486 contra
973 445 1018 498 ea,

140 521 223 594 quam
244 503 297 562 diu
318 503 374 596 ille
395 506 561 584 praefuerit
583 505 626 599 rei
648 505 799 644 publicae,
816 513 909 585 caput
928 505 1020 566 tuisse

137 581 844 744 murteam}{reiterasset
858 605 955 647 m
967 585 1020 648 ¹¹*

430 910 740 923 ——n——n-

319 1103 442 1177 XVI.
475 1102 828 1178 PELOPIDAS.

472 1265 685 1308 -oosso’oo—

169 1382 407 1448 LPsnormss
430 1386 602 1460 Thebanus,
625 1385 723 1466 magis
748 1385 899 1448 historicis
925 1408 1018 1467 quam
1052 1390 1072 1451 5

132 1463 220 1542 vulgo
239 1476 342 1528 nctus.
383 1468 477 1548 Cujus
500 1468 537 1528 de
560 1467 726 1529 virtutibus
748 1468 855 1528 dubito
876 1469 1018 1547 quemad·

133 1545 250 1606 modum
272 1568 436 1628 exponam,
459 1548 540 1626 quod
553 1567 668 1619 vereor,
686 1547 713 1607 si
733 1568 780 1612 res
800 1548 954 1627 explicare
974 1548 1019 1607 in·

133 1623 248 1703 cipiam,
269 1648 311 1689 nc
333 1648 394 1688 non
416 1628 513 1689 vitam
535 1628 599 1707 ejus
621 1647 772 1704 enarrare,
788 1627 841 1687 sed
861 1628 1018 1688 historiam

133 1703 232 1766 videar
244 1708 378 1768 scribere
389 1729 398 1780 ;
418 1707 444 1767 si
457 1707 668 1767 tantummodo
681 1728 815 1767 summas
829 1708 966 1800 attigero,
979 1729 1019 1768 ne

133 1785 253 1848 rudibus
276 1788 467 1848 Graecarum
488 1787 661 1848 litterarum
684 1787 785 1847 minus
808 1788 941 1848 dilucrde
967 1791 1071 1868 ap10

134 1876 240 1942 pareat,
254 1877 390 1948 quantus
412 1867 504 1928 fuerit
525 1867 579 1928 ille
599 1867 657 1929 vir.
698 1866 808 1946 Itaque
829 1868 951 1947 utrique
974 1869 1018 1928 rei

134 1962 294 2022 occurram,
305 1957 455 2028 quantum
466 1956 601 2026 potuero,
612 1955 643 2008 et
652 1947 795 2007 medebor
805 1968 875 2008 cum
885 1949 1018 2009 satietati

134 2031 196 2085 turn
224 2027 416 2106 ignorantiae
449 2029 605 2088 lectorum.
661 2027 841 2101 Phoebidas,
869 2028 1019 2089 lacedae-

135 2106 256 2182 menius,
276 2129 348 2170 cum
369 2109 538 2169 exercitum
562 2107 736 2188 Olynthum
758 2108 881 2168 duceret
903 2108 1018 2187 iterque

135 2201 185 2262 per
210 2187 330 2249 Thebas
356 2188 479 2261 moeret,
506 2208 606 2248 arcem
637 2187 753 2267 oppidi,
779 2208 858 2267 quae
885 2187 1019 2248 Cadmea
1033 2192 1072 2254 15

135 2268 314 2342 nominatur,
334 2269 498 2348 occupavit
519 2268 653 2346 impulsu
676 2288 842 2347 paucorum
863 2267 1019 2328 Thebano-

136 2363 207 2419 rum,
220 2351 284 2428 qui,
297 2349 491 2410 adversariae
500 2348 626 2408 factioni
638 2369 698 2428 quo
709 2348 830 2408 facilius
840 2348 1019 2422 resisterent,

135 2423 288 2489 laconum
312 2430 402 2490 rebus
425 2429 606 2502 studebant;
627 2430 719 2509 idque
739 2449 793 2488 suo
813 2429 943 2508 privato,
957 2450 1018 2489 non

136 2507 253 2583 publico
267 2510 339 2570 fecit
352 2509 486 2571 consilio.
529 2510 599 2586 Quo
614 2510 695 2570 facto
705 2530 775 2569 eum
786 2508 1019 2569 Lacedaemonii

136 2585 172 2646 ab
180 2590 314 2651 exercitu
324 2599 519 2653 removerunt
528 2591 716 2670 pecuniaque
724 2589 908 2661 multarunt3
922 2607 1019 2669 neque
1033 2592 1072 2653 20

137 2686 169 2727 ec
181 2671 275 2750 magis
288 2691 389 2732 arcem
400 2671 552 2731 Thebanis
567 2671 773 2742 reddiderunt,
783 2670 864 2748 quod
875 2670 1018 2748 susceptis

137 2747 297 2812 inimicitiis
310 2753 404 2812 satius
418 2751 569 2811 ducebant
580 2772 629 2811 eos
640 2751 770 2810 obsideri
780 2770 872 2828 quam
886 2748 1017 2811 liberari.

138 2826 214 2891 Nam
240 2841 308 2912 post
335 2832 587 2911 Peloponnesium
611 2831 726 2890 bellum
750 2830 947 2907 Athenasque
970 2831 1019 2890 de

139 2909 227 2972 victas
248 2933 318 2972 cum
332 2912 485 2972 Thebanis
506 2912 563 2971 sibi
583 2932 648 2970 rem
669 2931 732 2970 esse
752 2909 975 2981 existimabant,
988 2919 1019 2970 et

139 3007 183 3050 eos
196 3012 257 3052 esse
269 2992 357 3065 solos,
371 2992 424 3071 qui
438 2992 582 3052 adversus
602 2991 738 3050 resistere
751 2989 907 3050 auderent
948 2989 1018 3049 Hac
1034 2990 1073 3051 25

139 3081 233 3132 mente
251 3072 356 3130 amicis
376 3071 438 3130 suis
458 3091 590 3130 summas
603 3079 765 3149 potestates
778 3069 933 3141 dederant,
947 3069 1020 3129 alte·

140 3149 255 3230 riusque
268 3150 407 3210 factionis
421 3150 570 3228 principes
584 3150 697 3228 partim
710 3149 931 3220 interfecerant,
944 3149 1021 3210 alios

139 3227 168 3288 in
189 3230 332 3291 exsilium
354 3231 520 3308 ejecerant;
540 3229 573 3286 in
595 3229 705 3306 quibus
729 3227 891 3304 Pelopidas
909 3228 969 3298 hic,
983 3230 1022 3286 de

140 3328 194 3388 quo
207 3310 338 3370 scribere
351 3308 451 3368 exorsi
464 3327 576 3379 sumus,
590 3307 696 3384 pulsus
709 3306 810 3382 patria
824 3303 955 3360 carebat

176 3389 218 3450 H.
241 3390 287 3449 Hi
311 3407 415 3448 omnes
439 3386 501 3444 fere
524 3384 665 3443 Athenas
686 3403 718 3441 se
741 3379 942 3446 contulerant,
961 3396 1023 3464 non
1037 3376 1076 3430 30

140 3489 195 3548 quo
215 3476 413 3548 sequerentur
426 3464 532 3535 otium,
545 3463 607 3534 sed,
621 3468 657 3519 ut
670 3476 819 3536 quemque
832 3473 871 3512 ex
884 3469 1023 3528 proximo
