2475 3792
466 264 680 314 narnuss.
1028 249 1069 312 61

129 419 200 481 locis
223 429 321 482 castra
344 423 440 500 ponit,
462 431 499 484 ut
520 442 617 501 neque
642 421 795 482 circumiri
818 420 1016 482 multitudine

128 502 368 593 adversariorum
396 512 496 581 posset
523 523 621 582 neque
647 503 797 581 impediri,
826 522 886 581 quo
915 502 1016 562 minus

126 601 137 638 1
206 583 256 654 ⁸ad
284 583 494 642 dimicandum
522 604 648 643 manum
674 582 800 642 haberet
831 582 1014 661 expeditam

125 601 204 722 llicit
226 683 294 722 cum
315 683 350 722 eo
371 663 642 735 Mithrobarzanes,
658 683 742 723 socer
761 663 833 742 ejus,
847 662 1016 740 praefectus

124 743 271 819 equitum.
313 743 353 815 Is,
364 743 529 821 desperatis
539 744 642 822 generi
653 743 750 815 rebus,
760 743 801 802 ad
811 743 910 802 hostes
920 753 1015 803 trans
1049 744 1068 804 5

123 820 212 900 fugit.
255 822 294 881 Id
315 822 461 882 Datames
483 833 518 882 ut
538 823 665 896 audivit,
679 823 779 895 sensit,
793 823 818 882 si
839 823 871 881 in
891 821 1015 883 turbam

123 903 244 974 exisset,
258 902 298 962 ab
313 903 434 962 homine
452 911 516 963 tam
533 903 698 964 necessario
719 923 750 962 se
771 903 919 975 relictum,
934 903 1015 963 sutu-

122 1001 203 1054 rum,
228 991 265 1042 ut
291 983 382 1042 ceteri
409 983 569 1042 consilium
595 993 798 1062 sequerentur.
839 983 877 1042 In
902 984 1014 1062 vulgus

122 1061 195 1134 edit,
210 1083 266 1122 suo
282 1063 368 1140 jussu
388 1061 668 1124 Mithrobarzanem
685 1064 855 1141 profectum
872 1083 928 1142 pro
948 1083 1013 1142 per-

121 1141 207 1220 fuga,
219 1163 280 1235 quo
293 1142 412 1202 facilius
423 1152 560 1221 receptus
570 1143 750 1204 interficeret
760 1142 866 1204 hostes.
909 1143 1013 1220 Quare
1028 1145 1067 1206 10

122 1223 257 1302 relinqur
272 1243 341 1283 eum
356 1243 412 1302 par
425 1244 487 1283 non
501 1243 563 1282 esse
576 1232 606 1283 et
620 1243 722 1284 omnes
743 1224 899 1284 confestim
919 1225 1012 1303 sequi.

121 1302 218 1379 Quod
242 1303 269 1363 si
292 1304 393 1363 animo
417 1312 540 1363 strenuo
564 1303 711 1375 feciment,
731 1304 879 1376 futurum,
903 1313 939 1364 ut
961 1306 1013 1365 ad·

120 1384 251 1444 versarii
265 1403 326 1443 non
339 1392 458 1463 possent
472 1384 615 1456 resistere,
630 1405 700 1444 cum
713 1393 744 1444 et
757 1385 838 1444 intra
850 1384 968 1446 vallum
982 1394 1013 1445 et

121 1463 196 1522 foris
207 1464 412 1524 caederentur.
454 1463 525 1524 Hac
535 1484 568 1524 re
577 1464 715 1542 probata,
725 1465 892 1524 exercitum
902 1466 1011 1538 educit,

122 1543 406 1603 Mithrobarzanem
429 1545 619 1624 persequitur
643 1554 780 1617 tantum3
802 1545 854 1623 qui
878 1566 948 1605 cum
971 1546 1011 1606 ad
1027 1548 1065 1608 15

121 1623 224 1684 hostes
239 1633 425 1702 pervenerat,
441 1625 587 1685 Datames
604 1625 692 1704 signa
705 1625 809 1685 inferri
826 1625 922 1704 jubet.
963 1627 1012 1687 Pi-

122 1704 208 1764 sidae
232 1724 313 1766 nova
337 1725 370 1764 re
394 1705 536 1765 commoti
558 1707 590 1764 in
612 1705 784 1784 opinionem
808 1707 1011 1780 adducuntur,

122 1783 269 1864 perfugas
289 1786 371 1846 mala
391 1785 450 1846 fide
466 1787 694 1866 compositoque
713 1788 824 1860 fecisse,
845 1797 880 1847 ut
900 1788 1012 1866 recepti

122 1867 233 1944 majori
254 1875 351 1926 essent
370 1866 547 1927 calamitati.
589 1867 727 1927 Primum
751 1888 801 1928 eor
822 1868 1011 1928 adoriuntur.

122 1945 177 2005 Illi
192 1967 272 2018 cnm,
287 1946 361 2026 quid
379 1958 520 2026 ageretur
536 1958 589 2008 aut
607 1969 702 2028 quare
722 1949 814 2021 fieret,
829 1949 1010 2028 ignorarent,
1025 1953 1065 2014 20

123 2029 221 2088 coacti
235 2037 307 2088 sunt
319 2049 389 2090 cum
404 2030 445 2090 eis
459 2050 603 2109 pugnare,
618 2031 659 2091 ad
677 2051 751 2110 quos
767 2030 956 2103 transierant,
971 2030 1011 2090 ab

123 2109 221 2189 iisque
240 2119 329 2184 stare,
350 2131 424 2190 quos
440 2111 638 2191 reliquerant.
680 2111 889 2189 Quibuscum
910 2111 1011 2170 neutri

123 2201 293 2270 parcerent,
314 2191 462 2252 celeriter
473 2201 545 2252 sunt
568 2193 686 2254 concisi.
729 2192 873 2272 Reliquos
894 2191 1012 2253 Pisidas

124 2272 294 2332 resistentes
319 2272 465 2334 Datames
489 2274 625 2347 invadit3
653 2275 751 2353 primo
775 2274 890 2353 impetu
914 2272 1011 2352 pellit,

123 2351 275 2432 fugientes
294 2354 493 2434 persequitur,
514 2355 626 2415 multos
649 2355 799 2427 interficit,
824 2364 924 2415 castra
947 2354 1011 2414 hos·
1025 2360 1064 2420 25

123 2433 201 2492 tium
218 2434 307 2512 capit.
349 2433 418 2494 Tali
440 2435 563 2496 consilio
578 2456 639 2496 uno
652 2445 787 2516 tempore
800 2445 831 2496 et
843 2435 1011 2515 proditores

123 2513 255 2592 perculit
275 2523 305 2574 et
325 2514 424 2576 hostes
447 2515 622 2596 profligavit
637 2527 676 2591 et,
690 2517 771 2596 quod
789 2517 829 2576 ad
847 2514 1010 2595 perniciem

123 2613 211 2654 suam
239 2593 339 2655 fuerat
367 2597 542 2674 cogitatum,
570 2598 602 2657 id
629 2599 669 2659 ad
696 2598 825 2658 salutem
852 2596 1010 2658 convertit.

124 2671 196 2750 Quo
217 2694 314 2754 neque
335 2678 454 2736 acutius
472 2677 564 2738 ullius
578 2679 768 2758 imperatoris
781 2678 947 2758 cogitatum
961 2695 1011 2736 ne·

122 2774 181 2834 que
195 2755 321 2816 celerius
335 2755 451 2815 factum
465 2777 592 2836 usquam
606 2759 742 2837 legimus.
1024 2761 1064 2822 30

162 2835 237 2896 VII.
259 2836 312 2896 Ab
334 2836 392 2896 hoc
412 2846 514 2896 tamen
534 2839 601 2899 viro
621 2838 759 2911 Scismas,
779 2839 914 2898 maximo
934 2846 1009 2900 natn

121 2912 209 2990 lilius,
227 2916 335 2977 desciit
355 2916 395 2976 ad
417 2937 576 2996 regemque
596 2919 717 2978 transiit
737 2929 766 2979 et
787 2919 824 2978 de
844 2918 1010 2980 defectione

121 2997 215 3075 patris
236 2996 357 3057 detulit.
400 2995 471 3072 Quo
491 2999 597 3057 nuntio
618 2997 807 3059 Artaxerxes
834 3010 1009 3074 commotus,

121 3077 201 3154 quod
215 3073 410 3154 intelligebat
423 3077 480 3137 sibi
495 3098 563 3138 cum
574 3078 642 3138 viro
656 3079 727 3138 forti
741 3100 777 3138 ac
790 3088 911 3139 strenuo
922 3099 1010 3158 nego-

120 3155 197 3216 tium
225 3177 297 3228 csse,
324 3156 385 3234 qui,
410 3177 480 3216 cum
507 3159 674 3236 cogitasset,
702 3158 801 3218 facere
828 3157 952 3217 auderet
980 3169 1010 3220 et
1023 3161 1062 3221 35

119 3236 203 3315 prius
217 3237 354 3315 cogitare
373 3256 464 3314 quam
481 3237 584 3297 conari
605 3247 780 3309 consuesset,
795 3237 1009 3312 Autophrada-

95 3372 102 3386 ,
119 3324 181 3376 tem
194 3316 228 3376 in
241 3315 470 3394 Cappadociam
484 3317 587 3374 mittit.
628 3316 692 3373 Hic
711 3329 750 3372 ne
769 3316 883 3371 intrare
903 3324 1019 3387 posset,

120 3396 241 3469 saltum,
256 3397 290 3455 in
313 3415 373 3473 quo
394 3394 520 3454 Ciliciae
539 3401 645 3470 portae
667 3400 740 3449 sunt
761 3392 846 3456 sitae,
866 3388 1011 3473 Datame-r

120 3493 346 3555 praeoccupare
366 3473 492 3534 studuit.
533 3470 592 3530 Sed
614 3479 679 3529 tam
702 3468 803 3525 subito
824 3480 924 3536 copias
944 3480 1012 3517 con·
