2475 3792
187 257 251 322 106
464 271 676 318 oonanrnr
705 261 897 317 nnrorrs.

237 428 366 501 Sabinis,
378 429 458 508 quod
472 427 514 488 ibi
528 427 684 487 heredium
698 447 717 486 a
731 435 816 505 patre
830 425 971 486 relictum
986 425 1122 486 habebat

237 509 315 569 Inde
336 510 459 570 hortatu
479 507 514 567 L.
530 507 649 569 Valerii
671 505 784 578 Flacci,
799 526 888 584 quem
910 506 942 564 in
967 507 1123 567 consulatu

236 609 422 669 censuraque
442 587 550 648 habuit
571 586 726 665 collegam,
741 596 776 646 ut
796 585 840 645 M.
855 586 1011 664 Perperna
1028 607 1122 646 censo

237 671 300 730 rius
313 690 437 729 narrare
450 668 556 729 solitus
575 676 628 739 est,
643 667 772 726 Romam
794 666 977 744 demigravit
998 667 1030 726 in
1050 667 1123 727 foro

202 749 222 809 5
257 749 481 828 neessecoepit.
511 748 649 807 Primum
660 746 843 824 stipendium
853 747 965 806 meruit
976 767 1122 806 annorum

234 771 338 891 decem
357 838 539 908 septemque,
554 829 592 904 Q.
609 827 715 899 Fabio,
733 826 775 886 M.
791 825 920 886 Claudio
941 826 1121 887 consulibus.

233 909 387 970 Tribunus
410 910 542 969 militum
566 909 598 966 in
623 907 727 967 Sicilia
750 906 817 966 fuit.
858 905 935 966 Inde
964 915 1000 965 ut
1026 907 1122 979 rediit,

234 1000 333 1051 castra
342 999 461 1050 secutus
475 999 519 1049 est
529 988 562 1049 O.
574 987 697 1048 Claudii
711 986 849 1058 Neronis,
858 986 1023 1065 magnique
1034 1007 1123 1065 opera

234 1073 296 1150 ejus
313 1071 486 1130 existimata
499 1078 543 1129 est
556 1069 588 1127 in
626 1067 718 1128 roelio
739 1067 820 1146 apud
841 1065 961 1139 Senam,
976 1087 1037 1146 quo
1052 1067 1122 1126 ceci-

179 1152 219 1214 10
233 1151 279 1211 dit
292 1150 479 1222 Hasdrubal,
493 1150 587 1209 frater
603 1089 800 1207 llannibalis.
842 1146 993 1222 Quaestor
1015 1147 1123 1226 obtigit

232 1231 267 1291 P.
283 1231 430 1291 Africano
444 1229 568 1302 consuli,
582 1249 651 1288 oum
666 1246 725 1306 quo
740 1248 800 1287 non
820 1247 875 1306 pro
895 1227 983 1286 sortis
1000 1228 1122 1287 necessi-

231 1312 338 1372 tudine
351 1311 447 1382 vixit3
468 1329 598 1387 namque
615 1307 655 1368 ab
676 1329 710 1368 eo
731 1317 876 1386 perpetua
896 1307 1036 1367 dissensit
1050 1308 1121 1368 vita.

232 1390 349 1451 Aedilis
373 1390 469 1470 plebis
493 1390 590 1450 lactus
617 1397 662 1448 est
686 1409 754 1448 cum
767 1387 810 1447 O.
831 1387 953 1448 Helvio.
996 1387 1122 1448 Praetor

231 1471 419 1551 provinciam
439 1470 571 1530 obtinuit
590 1468 771 1540 Sardiniam,
786 1488 825 1528 ex
841 1488 901 1546 qua
916 1477 1057 1545 quaestor
1077 1489 1122 1528 su-

179 1552 217 1612 15
232 1552 348 1631 periore
374 1561 508 1630 tempore
542 1570 581 1609 ex
609 1548 717 1608 Africa
744 1548 888 1608 decedens
917 1549 955 1623 Q.
985 1547 1120 1608 Ennium

231 1637 351 1711 poetam
373 1630 557 1702 deduxerat;
578 1629 660 1709 quod
683 1649 743 1688 non
765 1629 889 1688 minoris
911 1628 1118 1688 existimamus

230 1732 322 1791 quam
343 1711 508 1791 quemlibet
527 1709 747 1790 amplissimum
767 1708 990 1768 Sardiniensem
1016 1710 1118 1768 trium·

253 1792 335 1852 hum.

231 1812 314 1932 pII.
345 1872 544 1933 Consulatum
571 1871 661 1950 gessit
689 1891 758 1931 cum
786 1869 822 1930 L.
844 1869 970 1931 Valerio
998 1869 1117 1943 Flacco,

176 1954 217 2015 20
230 1963 308 2014 sorte
321 1953 509 2032 provinciam
520 1962 627 2012 nactus
639 1950 822 2031 Hispaniam
833 1951 1010 2023 citeriorem,
1022 1972 1118 2030 exque

230 2055 266 2094 ea
279 2033 468 2111 triumphum
483 2032 662 2111 deportavit.
704 2031 753 2091 Ibi
773 2052 843 2091 cum
863 2031 977 2091 diutius
991 2052 1117 2091 morare

231 2123 290 2186 tur,
305 2113 339 2173 P.
354 2113 454 2192 Scipio
468 2113 642 2185 Africanus,
657 2112 761 2172 consul
781 2113 900 2184 iterum,
915 2113 1000 2190 cujus
1014 2113 1046 2171 in
1062 2113 1116 2190 pri-

229 2214 281 2254 ore
304 2191 461 2253 consulatu
486 2201 625 2272 quaestor
648 2192 757 2264 fuerat,
778 2193 875 2253 voluit
897 2212 965 2252 eum
991 2193 1029 2252 de
1054 2213 1116 2271 pro

229 2273 331 2336 vincia
344 2273 494 2352 depellere
508 2282 539 2332 et
559 2273 622 2351 ipse
642 2273 669 2332 ei
689 2273 863 2344 succedere;
884 2292 980 2350 neque
994 2273 1052 2332 hoc
1066 2293 1116 2351 per

176 2351 216 2412 25
229 2362 366 2413 senatum
380 2353 495 2412 efficere
509 2353 617 2431 potuit,
632 2373 701 2412 cum
716 2352 838 2430 quidem
854 2351 954 2431 Scipio
968 2353 1115 2431 principa-

229 2442 296 2492 tum
318 2433 492 2494 incivitate
514 2432 679 2504 obtineret;
700 2433 781 2510 quod
803 2442 868 2493 tum
890 2453 951 2492 non
973 2435 1114 2512 potentia,

228 2514 280 2573 sed
302 2513 372 2592 jure
393 2533 439 2572 res
461 2512 585 2591 publica
605 2512 882 2573 administrabatur.
924 2512 995 2588 Qua
1019 2534 1059 2572 ex
1086 2534 1114 2572 ra

229 2594 324 2654 iratus
346 2593 472 2664 senatui,
495 2592 653 2652 consulatu
677 2602 807 2672 peracto,
829 2593 966 2673 privatus
990 2594 1021 2652 in
1044 2593 1114 2653 urbe

230 2673 348 2746 mansit.
390 2673 435 2732 At
449 2672 533 2744 Cato,
548 2693 652 2732 censor
674 2693 743 2733 cum
766 2673 869 2733 eodem
885 2673 996 2734 Flacco
1010 2674 1112 2746 factus,

176 2753 216 2814 30
229 2774 330 2815 severe
351 2753 484 2832 praefuit
505 2753 533 2812 ei
554 2753 704 2832 potestati.
746 2753 827 2813 Nam
850 2763 880 2813 et
900 2754 931 2812 iu
949 2755 1113 2832 complures

229 2833 345 2895 nobiles
359 2833 583 2906 animadvertit,
597 2843 628 2893 et
644 2834 756 2894 multas
771 2855 817 2894 res
831 2854 925 2895 novas
938 2834 970 2893 in
984 2835 1112 2894 edictum

230 2914 357 2986 addidit,
372 2935 465 2993 quare
488 2913 612 2973 luxuria
634 2915 855 2992 reprimeretur,
870 2935 947 2994 quae
964 2915 1112 2993 jamtum

230 2994 394 3072 incipiebat
404 2994 565 3072 pullulare.
607 2993 735 3054 Circiter
746 3015 840 3055 annos
851 2995 1012 3074 octoginta,
1023 3016 1113 3074 usque

230 3075 270 3133 ad
288 3083 454 3132 extremam
476 3082 605 3133 aetatem
628 3073 667 3134 ab
690 3074 898 3146 adolescentia,
913 3076 956 3134 rei
977 3075 1113 3154 publicae

105 3193 115 3209 e
176 3151 216 3211 35
230 3173 321 3211 causa
342 3153 491 3231 suscipere
514 3153 688 3213 inimicitias
713 3175 772 3213 nou
794 3155 915 3215 destitit.
957 3155 988 3214 A
1014 3157 1112 3216 multis

229 3240 362 3293 tentatus
385 3252 445 3290 nou
470 3232 558 3291 modo
583 3233 704 3292 nullum
728 3234 941 3294 detrimentum
966 3237 1113 3296 existima-

229 3310 319 3368 tionis
339 3310 418 3382 fecit,
432 3311 493 3381 sed,
515 3312 613 3390 quoad
630 3313 717 3385 vixit,
732 3315 881 3374 virtutum
902 3315 993 3374 laude
1014 3318 1112 3392 crevit.

270 3386 330 3446 ΙΙΙ.
359 3388 396 3446 In
420 3390 559 3448 omnibus
586 3391 675 3450 rebus
701 3393 849 3470 singulari
873 3395 932 3454 fuit
959 3396 1112 3456 industria.

229 3464 311 3525 Nam
325 3476 355 3527 et
368 3468 501 3545 agricola
513 3468 627 3542 sollers,
641 3478 671 3529 et
687 3473 802 3548 peritus
818 3474 896 3552 juris
911 3475 1074 3548 consultus
1087 3487 1114 3538 et
