2475 3792
453 232 510 278 Dr:
540 233 738 281 REGIBUS.
1049 217 1091 280 93

141 409 244 468 quam
266 409 296 449 se
316 389 347 447 in
369 408 405 448 ea
428 409 460 447 re
483 389 615 448 maxime
629 388 687 448 diis
701 408 790 467 agere
810 389 924 482 gratias
946 396 1036 468 atque

140 470 269 542 habere,
289 468 377 548 quod,
400 489 470 528 curn
489 468 625 529 Siciliam
648 488 781 528 recreare
804 469 1036 541 constituissent,

139 558 217 609 tum
244 570 273 609 se
299 549 486 627 potissimum
514 549 623 608 ducem
651 569 712 608 esse
732 549 905 610 voluissent
947 517 1036 609 Nihii

139 631 230 690 enim
253 650 351 688 rerum
374 629 619 688 humanarum'
597 649 661 688 sine
681 629 806 688 deorum
827 631 951 691 numine
971 630 1034 708 geri

138 710 285 788 putabat
326 708 433 788 Itaque
447 729 518 768 suae
532 709 615 768 domi
629 708 774 768 sacellum
788 713 952 779 Αντομαιίας
966 730 1034 770 eon·
1068 709 1088 768 5

138 789 294 863 stituerat,
309 789 400 869 idque
413 789 598 848 sanctissime
614 788 739 850 colebat.

188 870 226 931 V.
247 838 300 930 Δι’]
315 871 394 930 hanc
408 869 538 930 hominis
552 868 749 929 excellentem
765 868 930 929 bonitatem
945 871 1034 931 mira·

138 949 220 1010 biles
233 959 421 1011 accesserunt
432 970 525 1010 casua
567 949 648 1008 Nam
663 948 778 1028 proelia
791 950 926 1010 maxima
937 951 1033 1010 natali

139 1049 199 1091 suo
220 1031 271 1091 die
292 1031 363 1090 fecit
351 1031 502 1102 tomuia;
523 1050 583 1109 quo
606 1029 786 1089 factumt
743 1039 786 1089 est
788 1077 795 1102 ,
809 1039 845 1090 ut
866 1051 929 1090 eus
953 1032 1033 1091 diem

138 1121 196 1172 nat
185 1112 278 1172 talem
293 1111 349 1170 fest
337 1120 402 1170 tum
416 1111 541 1170 haberet
557 1110 698 1170 universa
718 1109 830 1170 Sicilia.
872 1052 956 1171 iluic
970 1112 1033 1191 qui·
1049 1113 1087 1173 10

139 1192 214 1252 dam
228 1191 409 1264 Lamestius,
423 1191 512 1252 homo
530 1191 670 1270 petulans
690 1200 720 1250 et
740 1191 886 1269 ingratus,
900 1192 1034 1253 radimo

138 1273 227 1332 nium
254 1293 323 1332 cum
345 1239 468 1333 veliet'
460 1291 623 1350 imponere,
644 1271 724 1350 quod
747 1291 817 1330 cum
841 1271 896 1332 illo
916 1293 946 1333 se
968 1272 1034 1352 lege

139 1373 231 1432 agere
245 1353 411 1424 dicerent
382 1361 411 1412 et
431 1353 600 1430 complures
616 1351 843 1424 concurrissent,
858 1354 910 1431 qui
931 1373 1033 1432 proca-

140 1435 266 1494 citatem
286 1399 417 1492 hominis
430 1432 569 1493 manibus
584 1451 718 1492 coercere
731 1442 874 1492 conarent
875 1453 921 1506 ur,
935 1433 1034 1494 Timo

139 1514 210 1574 leon
233 1513 334 1574 oravit
356 1532 466 1586 omnes,
485 1533 523 1572 ne
545 1513 577 1572 id
599 1512 740 1572 facerent.
782 1511 923 1592 Namque
945 1514 976 1573 id
998 1524 1032 1574 ut
1047 1516 1085 1576 15

138 1593 298 1654 Lamestio
317 1602 348 1653 et
369 1593 465 1654 cuivis
485 1593 597 1666 liceret,
576 1602 642 1653 tse
661 1594 809 1653 maximos
823 1592 940 1654 labores
953 1615 1032 1654 sum·

137 1693 253 1767 maquc
266 1674 374 1734 adiisse
388 1674 531 1753 pericula.
573 1674 665 1734 Hanc
676 1674 755 1734 enim
767 1674 895 1752 speeiem
910 1673 1031 1734 liberta-

137 1755 178 1815 tis
206 1775 279 1827 esse,
298 1754 329 1814 si
356 1754 504 1826 omnibus,
529 1755 609 1834 quod
637 1755 763 1834 quisque
787 1754 888 1827 vellet,
912 1754 1030 1834 legibus

137 1835 274 1914 experiri
295 1834 407 1894 liceret.
449 1834 545 1907 Idem,
559 1856 629 1894 cum
643 1835 767 1914 quidam
788 1835 973 1895 Lamsstii
950 1836 1030 1895 simi·

137 1916 186 1987 lis,
201 1916 326 1976 nomine
340 1915 574 1988 Demaenetuss
566 1936 598 1974 ιιι
613 1915 755 1980 concione
768 1915 875 1995 populi
888 1916 927 1976 de
940 1916 1029 1976 rebus
1044 1918 1084 1979 20

136 1996 265 2074 gestisej
269 2016 304 2055 us
313 1995 364 2054 det
352 1996 628 2073 traherecoepisset,
634 2017 670 2055 ac
678 1995 827 2055 nonnulla
835 1996 1029 2057 inveheretur

137 2077 172 2134 in
183 2075 356 2136 Timoleont
344 2084 385 2148 ta,
397 2075 485 2148 dixit,
496 2096 576 2136 nune
587 2077 708 2136 demum
720 2097 751 2135 se
760 2085 813 2136 vot
814 2076 896 2136 iesse
906 2077 1029 2137 damna-

137 2167 224 2216 tum:
242 2176 375 2234 namque
389 2156 446 2216 hoc
461 2176 479 2214 a
493 2156 550 2216 diis
564 2155 785 2216 immortalibus
798 2177 916 2235 semper
928 2177 1030 2236 preca-

137 2247 216 2309 tum,
231 2245 266 2296 ut
286 2237 381 2296 talem
402 2234 524 2295 libertat
512 2245 572 2296 tem
593 2236 677 2296 restit
678 2245 762 2296 ueret
780 2235 1006 2316 Syracusanis,
998 2257 1031 2296 ιιι

69 2358 73 2366 1
138 2336 201 2395 qua
216 2317 313 2378 cuivis
328 2316 442 2388 liceret,
453 2316 491 2375 de
504 2337 562 2395 quo
573 2316 697 2388 vellet,
689 2336 813 2394 impune
826 2317 933 2376 dicere.
967 2316 1031 2376 Hic
1045 2321 1084 2380 25

138 2417 210 2456 oum
224 2397 306 2456 diem
327 2416 502 2489 supremum
523 2397 640 2469 obisset,
655 2395 776 2474 publice
796 2416 815 2456 a
835 2395 861 2457 S
878 2389 1031 2456 racusanis

137 2477 171 2536 iu
198 2477 369 2568 gymnasio,
395 2476 476 2554 quod
502 2476 742 2536 Timoleonteum
765 2418 947 2556 appeliatur,
967 2484 1032 2537 tota

138 2557 312 2618 celebrante
326 2555 442 2629 Sicilia,
456 2557 589 2636 sepultus
602 2565 655 2618 est.

440 2807 728 2822 -ξ--ῠ

317 2940 858 3094 >enarraremus

482 3152 694 3192 ——oomoo—

177 3277 204 3338 Ι.
226 3275 278 3336 HI
292 3275 355 3336 fere
369 3276 492 3335 fuerunt
513 3275 649 3336 Graecae
668 3276 765 3352 gentis
786 3277 885 3341 duces,
899 3272 952 3346 qui
972 3293 1032 3330 me·

138 3357 237 3417 moria
251 3355 339 3434 digni
354 3353 546 3426 videbantur,
539 3373 672 3490 ,prae
635 3362 680 3411 ter
696 3373 787 3428 reges
828 3349 969 3420 Namque
982 3366 1031 3402 eos
1045 3346 1085 3404 30

139 3436 292 3514 attingere
313 3434 476 3505 noluimus,
490 3452 549 3511 quo
592 3430 729 3490 omniurn
742 3448 788 3485 res
802 3432 903 3501 gestae
915 3439 1031 3494 separa-
