2475 3792
151 248 194 313 to
262 253 267 265 “
417 267 631 314 coenatu
661 266 855 314 aeroma

203 421 340 484 licratem
358 423 390 482 in
411 424 515 484 aedem
539 423 737 503 Proserpinae
757 423 912 483 deducunt
933 443 970 483 ae
986 423 1096 501 jurare

204 512 324 582 cogunt,
343 504 420 563 nihil
441 502 480 564 ab
501 504 556 564 illo
576 505 703 583 periculi
723 504 788 564 fore
808 503 910 563 Dioni.
953 502 1013 563 Ille
1033 504 1096 563 hac

204 583 348 662 religione
362 605 422 643 non
437 584 525 644 modo
544 605 604 644 non
619 585 789 657 deterritus,
803 583 855 643 sed
875 583 914 642 ad
935 593 1095 642 maturan-

204 663 278 723 dum
292 664 458 724 concitatus
473 672 525 737 est,
539 685 654 737 verens,
668 665 805 744 ueprius
818 663 978 723 eonsilium
995 664 1094 742 aperi-

170 747 189 809 δ
203 753 287 803 retur
300 764 397 816 suum,
412 764 504 823 quam
518 753 627 804 conata
640 745 818 824 perfecisset.
869 818 871 821 Ι

244 821 305 884 ΙΧ.
320 822 389 883 Hac
400 833 500 883 mente
509 825 649 903 proximo
663 824 713 884 die
726 825 810 896 festo,
821 844 890 884 eum
905 845 924 884 a
938 833 1092 885 conventu

203 924 235 964 se
257 913 405 964 remotum
429 903 511 963 Dion
535 903 617 964 domi
642 913 757 965 teneret
779 914 871 982 atque
894 904 926 962 in
951 904 1092 964 conclavi

203 983 284 1044 edito
308 982 499 1057 recubuisset,
520 985 646 1044 consciis
669 984 811 1045 facinoris
833 984 901 1045 loca
924 984 1093 1044 munitiora

205 1064 309 1142 oppidi
322 1064 433 1137 tradit;
454 1063 577 1124 domum
597 1064 739 1126 custodiis
759 1065 853 1144 sepit3
874 1063 1021 1125 aforibus
1036 1065 1091 1143 qui

151 1147 264 1208 1011011
292 1143 455 1218 discedant,
483 1153 578 1205 certos
605 1145 757 1224 praeficit3
791 1165 901 1206 navem
935 1145 1091 1204 triremem

203 1225 328 1285 armatis
341 1233 438 1299 ornat,
452 1224 696 1304 Philostratoque
713 1225 803 1284 fratri
820 1245 874 1284 suo
893 1225 996 1296 tradit,
1011 1245 1091 1284 eam·
1134 1292 1137 1296 A

204 1324 262 1383 que
276 1304 308 1364 in
322 1315 411 1383 portu
425 1305 536 1384 agitari
544 1305 641 1384 jubet,
652 1314 687 1365 ut
700 1306 726 1365 si
739 1325 878 1366 exercere
892 1305 1018 1383 remiges
1027 1305 1091 1366 vel-

204 1383 263 1456 let;
284 1385 428 1464 cogitans,
441 1386 467 1444 si
486 1385 563 1445 forte
581 1386 713 1446 consiliis
734 1384 895 1446 obstitisset
908 1384 1039 1457 fortuna,
1052 1394 1091 1445 ut

204 1463 412 1544 haberetque
429 1465 547 1545 fugeret
567 1466 606 1526 ad
627 1467 764 1526 salutem.
805 1464 935 1526 Suorum
956 1474 1091 1525 auteme

152 1547 190 1610 15
204 1565 329 1605 numero
343 1545 524 1625 Zacynthios
544 1546 746 1606 adolescentes
760 1545 905 1625 quosdam
919 1544 1006 1624 eligit
1019 1565 1089 1604 cum

204 1625 416 1686 audacissimos
430 1636 496 1686 tum
506 1626 623 1687 viribus
637 1626 795 1697 maximis;
815 1626 922 1704 hisque
935 1625 989 1684 dat
1002 1645 1091 1703 nego

205 1705 291 1780 tium,
312 1706 351 1766 ad
372 1704 502 1766 Dionem
524 1716 595 1767 eant
615 1707 752 1779 inermes,
772 1706 815 1766 sic
835 1714 870 1764 ut
890 1705 1091 1766 conveniendi

204 1787 267 1867 ejus
285 1787 384 1866 gratia
398 1787 573 1847 viderentur
586 1788 698 1849 venire.
740 1786 786 1845 Hi
806 1795 929 1865 propter
949 1785 1091 1846 notitiam

203 1874 275 1927 sunt
297 1867 469 1927 intromissi·
510 1866 556 1927 At
580 1868 636 1940 illi,
661 1876 696 1928 ut
723 1867 815 1926 limen
839 1867 903 1945 ejus
926 1865 1091 1939 intrarunt,

150 1949 190 2012 20
204 1947 319 2007 foribus
333 1947 485 2020 obseratis,
499 1947 531 2007 in
552 1947 630 2008 lecto
651 1947 812 2008 cubantem
832 1946 993 2019 invadunt,
1008 1945 1092 2005 colli-

203 2036 295 2168 qilenu
325 2027 360 2088 fit
382 2028 533 2106 strepitus,
557 2029 633 2088 adeo
660 2037 695 2088 ut
722 2027 862 2088 exaudiri
888 2026 982 2105 possit
1008 2025 1090 2086 foris.

240 2108 276 2181 ie,
297 2107 375 2169 sieut
398 2117 469 2168 ante
492 2128 581 2188 saepe
604 2109 721 2168 dietum
745 2117 798 2180 est,
818 2126 910 2185 quam
930 2106 1031 2167 invisa
1049 2106 1092 2166 sit

203 2188 365 2267 singularis
386 2189 521 2268 potentia
541 2199 571 2249 et
591 2189 763 2249 miseranda
782 2188 856 2259 vita,
870 2186 922 2265 qui
943 2206 974 2246 se
995 2185 1092 2245 metui

204 2290 295 2348 quam
323 2268 420 2328 amari
447 2268 576 2342 malunt,
598 2269 694 2330 cuivis
721 2268 810 2328 facile
837 2266 994 2326 intellectu
1021 2265 1090 2326 fuit.

148 2351 188 2412 25
203 2348 343 2428 Namque
364 2348 411 2409 illi
431 2349 489 2428 ipsi
510 2349 656 2422 custodes,
670 2349 695 2409 si
709 2348 832 2428 propria
845 2346 970 2406 fuissent
984 2345 1092 2424 volun-

202 2438 274 2502 tate,
296 2428 411 2490 foribus
432 2429 562 2490 effractis
582 2450 702 2491 servare
723 2449 792 2489 eum
812 2427 994 2506 potuissent,
1008 2426 1091 2504 quod

202 2509 249 2569 illi
262 2510 399 2582 inermes,
414 2510 509 2570 telum'
530 2511 603 2570 foris
624 2509 803 2588 flagitantes,
817 2509 923 2569 vivum
936 2505 1091 2567 tenebant

201 2589 261 2651 Oui
284 2611 354 2651 oum
377 2599 564 2650 succurreret
587 2610 685 2662 nemo,
707 2589 791 2668 Lyco
812 2587 937 2666 quidam
961 2585 1092 2666 Syracu-

200 2690 291 2811 qanus
311 2691 367 2750 per
386 2670 531 2732 fenestras
551 2669 689 2751 gladium
710 2669 804 2742 dedit,
818 2688 878 2747 quo
897 2665 980 2727 Dion
999 2665 1092 2726 inter·

147 2752 187 2814 30
214 2761 296 2812 ectus
317 2759 368 2812 est.

240 2831 283 2892 X.
305 2831 450 2892 Confecta
471 2832 570 2905 caede,
586 2852 656 2892 cum
676 2828 842 2891 multitudo
855 2827 972 2889 visendi
989 2825 1092 2906 gratia

200 2911 359 2985 introisset,
374 2912 514 2972 nonnulli
528 2912 567 2971 ab
581 2912 683 2971 insciis
696 2931 752 2990 pro
765 2908 865 2968 noxiis
878 2907 1090 2967 conciduntur.

200 2992 283 3053 Nam
297 2992 388 3052 celeri
402 3012 521 3052 rumore
536 2993 641 3064 dilato,
656 2991 750 3051 Dioni
764 2989 828 3050 vim
849 2987 984 3060 allatam,
998 2986 1091 3046 multi

200 3081 423 3145 concurrerant,
447 3072 557 3151 quibus
584 3071 647 3130 tale
673 3071 790 3130 facinus
814 3067 1001 3147 displicebat
1043 3066 1091 3126 Hi

147 3152 186 3212 35
200 3151 277 3211 falsa
291 3171 340 3211 sus
362 3151 457 3210 icione
472 3150 555 3210 ducti
569 3151 760 3210 immerentes
779 3157 815 3208 ut
835 3146 994 3208 sceleratos
1014 3147 1091 3208 occi-

200 3231 286 3290 dunt
326 3172 429 3309 liujus
450 3230 488 3289 de
508 3239 604 3289 morte
624 3238 660 3289 ut
679 3229 782 3308 palam
803 3227 918 3287 factum
932 3235 985 3298 est,
999 3228 1092 3288 mira-

199 3307 302 3368 biliter
315 3309 402 3386 vulgi
422 3317 541 3368 mutata
561 3317 605 3368 est
625 3308 776 3370 voluntas.
818 3307 899 3366 Nam
915 3307 967 3385 qui
981 3307 1091 3368 vivum

200 3407 269 3446 eum
283 3395 448 3464 tyrannum
463 3387 643 3459 vocitarent,
657 3387 749 3445 iidem
765 3385 957 3446 liberatorem
971 3387 1093 3463 patriae

199 3465 382 3545 tyrannique
409 3465 599 3544 expulsorem
628 3465 854 3546 praedicabant.
908 3463 959 3525 sie
987 3465 1092 3528 subito
