2475 3792
279 279 311 325 r.
338 279 590 326 rouroums
620 281 811 329 urricus.
981 265 1044 330 109

85 453 201 495 omnes
219 433 358 507 honores,
379 457 453 515 quos
476 444 606 514 possent,
628 435 748 515 publice
775 435 929 510 haberent,
950 437 989 498 ci-

86 534 228 594 vemque
258 515 357 575 facere
387 516 559 575 studerent:
595 534 656 594 quo
688 515 830 576 beneficio
860 516 912 576 ille
943 518 987 578 uti

86 596 216 667 noluit3
259 595 341 672 quod
373 596 513 655 nonnulli
540 595 585 655 ita
612 596 859 674 interpretantur,
887 597 987 657 amitti

86 675 254 735 civitatem
273 675 445 735 Romanam
466 676 527 735 alia
547 675 672 734 adscita.
715 675 871 751 Quamdiu
892 677 987 749 affuit,

85 774 128 814 ne
144 775 210 833 qua
230 755 288 815 sibi
308 765 410 815 statua
431 765 600 834 poneretur,
615 756 741 827 restitit3
762 755 868 815 absens
888 757 988 835 prohi·
1022 756 1041 815 5

86 833 166 894 bere
180 855 243 895 non
257 835 366 914 potuit.
407 835 515 914 Itaque
528 835 647 914 aliquot
661 836 718 914 ipsi
739 844 768 895 et
789 835 904 896 Midiae
915 837 988 897 locis

85 916 291 975 sanctissimis
368 925 492 975 uerunt:
513 916 596 976 hunc
610 916 691 975 enim
706 916 735 975 in
752 916 834 976 omni
848 937 988 996 procura-

87 995 177 1055 tione
200 997 245 1055 rei
268 934 409 1074 publicae
432 1005 564 1056 actorem
588 1005 801 1075 auctoremque
825 996 986 1057 habebant.

88 1073 196 1154 Igitur
221 1077 354 1154 primum
380 1075 457 1135 illud
481 1097 591 1135 munus
615 1075 763 1149 fortunae,
784 1076 864 1155 quod
893 1077 925 1136 in
952 1097 988 1137 ea

87 1157 285 1234 potissimum
307 1156 383 1216 urbe
402 1165 563 1229 natusest,
577 1156 609 1215 in
624 1177 685 1236 qua
699 1156 886 1217 domicilium
907 1156 987 1218 orbis
1003 1157 1041 1219 10

89 1244 246 1296 terrarum
260 1245 337 1316 esset
349 1236 478 1316 imperii,
489 1245 523 1296 ut
537 1236 663 1296 eandem
678 1246 708 1296 et
721 1237 852 1316 patriam
863 1236 987 1298 haberet

90 1325 122 1376 et
144 1317 286 1388 domum;
306 1317 365 1377 hoc
384 1318 531 1396 specimen
552 1316 740 1395 prudentiae,
755 1317 844 1396 quod,
865 1338 933 1377 cum
955 1319 986 1378 in

91 1415 161 1456 eom
175 1418 208 1457 se
221 1397 378 1458 civitatem
392 1398 573 1469 contulisset,
588 1417 666 1476 quae
680 1398 867 1477 antiquitate,
883 1398 987 1458 huma-

91 1477 200 1549 nitate,
221 1477 419 1556 doctrinaque
443 1486 608 1557 praestaret
632 1498 744 1552 omnes,
764 1498 842 1537 unus
866 1478 893 1539 ei
917 1490 987 1540 ante

92 1556 171 1619 alios
183 1557 472 1618 fileritcarissimns.
1001 1559 1040 1619 15

135 1636 195 1699 IV.
220 1636 295 1698 Huc
318 1658 357 1698 ex
378 1638 455 1698 Asia
477 1638 565 1698 Sulla
589 1639 735 1699 decedens
759 1659 828 1699 oum
850 1639 986 1713 venisset,

94 1718 245 1798 quamdiu
265 1717 309 1778 ibi
322 1717 392 1788 fuit,
406 1735 505 1778 secum
526 1718 635 1778 habuit
655 1719 866 1798 Pomponium,
881 1729 987 1799 captus

94 1799 294 1861 adolescentis
320 1809 351 1860 et
379 1798 569 1859 humanitate
592 1809 623 1859 et
644 1798 790 1861 doctrina.
832 1799 882 1860 Sic
905 1801 986 1860 enim

95 1879 214 1942 Graece
247 1880 437 1961 loquebatur,
467 1889 503 1940 ut
532 1879 662 1939 Athenis
696 1889 785 1940 natus
822 1880 984 1940 videretur.

94 1960 197 2023 Tanta
210 1972 313 2023 autem
326 1963 461 2023 suavitas
474 1973 539 2023 erat
553 1963 697 2022 sermonis
712 1961 826 2036 Latini,
840 1971 875 2020 ut
895 1981 985 2041 appa·
1001 1961 1040 2022 20

95 2053 184 2117 reret,
209 2045 243 2104 in
269 2064 305 2104 eo
332 2044 471 2104 nativum
495 2043 647 2122 quendam
675 2041 807 2122 leporem
835 2063 904 2115 esse,
926 2063 986 2101 non

95 2124 256 2186 adscitum.
297 2123 385 2184 Idem
398 2129 538 2204 poemata
552 2123 770 2202 pronuntiabat
783 2133 813 2183 et
827 2121 943 2184 Graece
956 2132 986 2183 et

95 2203 208 2266 Iatine
220 2205 273 2278 sic,
283 2214 319 2266 ut
332 2225 425 2284 supra
438 2204 516 2263 nihil
529 2213 627 2284 posset
640 2203 721 2264 addi.
764 2203 884 2280 Quibus
898 2203 987 2263 rebus

95 2284 212 2345 factum
225 2294 279 2358 est,
294 2295 329 2345 ut
349 2285 437 2345 Sulla
450 2305 599 2364 nusquam
613 2282 653 2344 ab
667 2304 698 2344 se
712 2283 886 2355 dimitteret,
900 2303 987 2362 cupe-

95 2375 201 2445 retque
214 2386 316 2426 secum
330 2365 485 2425 deducere.
527 2365 590 2441 Qui
610 2385 680 2425 cum
701 2365 880 2444 persuadere
893 2372 987 2423 tenta-
1002 2361 1040 2421 25

95 2454 151 2519 ret,
172 2446 282 2518 “Noli
302 2466 356 2506 oro
380 2445 437 2518 te,’'
461 2446 560 2524 inquit
583 2445 777 2524 Pomponius,
801 2444 987 2505 “adversum

94 2546 144 2586 eos
165 2527 307 2587 mavelle
327 2527 445 2598 ducere,
459 2546 529 2585 cum
549 2525 659 2605 quibus
679 2545 717 2584 ne
738 2534 843 2584 contra
859 2533 889 2584 te
902 2543 988 2583 arma

94 2607 215 2680 ferrem,
229 2605 355 2667 Italiam
370 2605 505 2684 reliqui.”
547 2605 592 2665 At
605 2604 701 2677 Sulla,
716 2605 913 2664 adolescentis
926 2603 987 2663 offi-

95 2688 142 2748 cio
155 2687 340 2759 collaudato,
355 2687 457 2745 omnia
478 2706 606 2745 munera
618 2685 656 2758 ei,
671 2705 749 2764 quae
762 2685 892 2744 Athenis
906 2703 987 2743 acce

95 2776 191 2847 perat,
220 2767 410 2847 proficiscens
439 2767 529 2846 jussit
556 2765 675 2826 deferri.
728 2764 790 2824 Hic
819 2764 987 2843 complures
1001 2762 1040 2824 30

95 2867 190 2908 annos
204 2858 350 2919 moratus,
365 2867 434 2906 cum
455 2855 486 2907 et
507 2847 551 2907 rei
572 2845 717 2906 familiari
738 2854 858 2904 tantum
880 2864 987 2923 operae

96 2927 191 3001 daret,
202 2937 353 3007 quantum
368 2946 428 2986 non
442 2927 602 3006 indiligens
613 2925 736 2985 deberet
750 2923 987 3004 paterfamilias,

96 3018 126 3068 et
148 3009 252 3069 omnia
275 3007 396 3086 reliqua
419 3015 555 3086 tempora
575 3013 630 3066 aut
654 3005 762 3064 litteris
786 3013 840 3064 aut
860 3003 987 3063 Atheni-

96 3088 213 3148 ensium
235 3088 279 3148 rei
300 3087 442 3166 publicae
462 3087 617 3158 tribueret,
638 3084 735 3144 nihilo
760 3084 859 3144 minus
883 3082 987 3142 amieis

97 3168 215 3228 urbana
235 3169 334 3230 officia
354 3167 512 3245 praestitit.
553 3165 636 3225 Nam
650 3174 680 3224 et
694 3164 732 3223 ad
748 3163 986 3224 comitiacorum
1002 3161 1040 3220 35

97 3249 268 3319 ventitavit,
283 3256 322 3320 et,
336 3248 362 3306 si
377 3268 437 3326 qua
459 3267 504 3306 res
525 3247 622 3324 major
642 3253 710 3303 acta
731 3254 783 3314 est,
798 3262 859 3300 non
873 3240 987 3309 defuit3

97 3329 173 3389 sicut
186 3328 326 3388 Ciceroni
347 3327 379 3386 in
400 3327 539 3386 omnibus
559 3327 623 3402 ejus
644 3321 785 3400 periculis
805 3317 988 3394 singularem

96 3409 186 3470 fidem
208 3408 366 3488 praebuit:
389 3408 438 3466 cui
458 3426 498 3466 ex
518 3404 619 3483 patria
637 3399 764 3476 fugienti
782 3395 838 3454 HS
859 3395 989 3451 ducenta

97 3499 127 3552 et
138 3489 364 3571 qumquaginta
377 3485 464 3545 milia
478 3482 612 3544 donavit.
655 3469 873 3550 Tranquillatis
886 3474 988 3524 autem
