2475 3792
169 275 215 342 84
447 294 659 343 corneum
690 299 882 348 unrorrs.

223 449 348 525 vellent,
361 450 461 531 potius
475 452 513 514 de
526 462 683 533 praesente
693 456 827 535 quaestio
837 454 1116 537 baberetur‚quam

223 531 330 592 absens
350 531 485 594 invidiae
505 535 632 595 crimine
655 545 856 597 accusaretur.
896 535 1021 597 Inimici
1040 558 1116 599 vero

223 613 287 692 ejus
301 612 514 704 quiescendum
529 614 561 673 in
576 616 734 693 praesenti,
750 617 822 695 quia
835 615 936 676 noceri
950 636 1012 676 non
1027 635 1117 696 posse

223 690 444 771 intelligebant,
454 702 485 755 et
498 693 577 753 illud
591 703 709 774 tempus
723 696 960 774 exspectandum
975 696 1117 757 decreve·
1231 760 1232 763 ,

189 775 210 838 ὅ
224 780 305 846 runt,
320 791 379 850 quo
393 773 511 847 exisset,
525 780 561 834 ut
573 774 728 834 absentem
780 776 994 854 grederentur:
1009 776 1117 856 itaque

223 852 386 914 fecerunt(
409 852 491 913 Nam
515 863 675 934 postquam
699 855 730 914 in
779 854 891 916 'cilium
914 874 984 915 eum
1048 875 1118 917 rve·

223 933 302 993 nisse
329 932 536 1008 erediderunt,
558 933 721 1008 absentem,
744 935 825 1014 quod
851 954 939 996 sacra
960 935 1011 997 vio
1025 944 1117 1010 asset,
1228 960 1232 1021 Ξ

223 1031 309 1073 reum
323 1012 467 1074 fecerunt.
509 1013 581 1091 Qua
594 1015 633 1075 de
646 1033 679 1075 re
692 1035 761 1075 cum
776 1015 804 1074 ei
817 1016 943 1076 nuntius
962 1034 983 1076 a
1003 1016 1117 1093 magis·

223 1101 307 1154 tratu
321 1093 354 1152 in
367 1093 502 1154 Siciliam
517 1095 624 1154 missus
638 1103 721 1167 meet,
735 1103 771 1155 ut
784 1096 909 1155 domum
928 1095 969 1155 ad
987 1115 1116 1156 causam

169 1175 210 1240 10
222 1172 383 1234 dicendam
397 1174 517 1248 rediret,
532 1184 667 1252 essetque
686 1175 718 1234 in
739 1196 851 1254 magna
867 1195 920 1254 spe
935 1177 1117 1254 provinciae

223 1252 300 1314 bene
313 1254 586 1327 administrandaej
606 1275 668 1314 non
689 1274 796 1334 parere
815 1255 922 1328 noluit,
936 1264 967 1316 et
980 1256 1014 1315 in
1026 1256 1117 1316 trire-

223 1352 312 1408 mem,
321 1354 398 1412 quae
412 1334 451 1394 ad
462 1353 532 1394 eum
543 1333 767 1414 deportandum
781 1343 847 1395 erat
856 1336 955 1415 missa,
966 1336 1115 1398 ascendit.

223 1411 295 1475 Hae
309 1413 438 1506 Thurios
451 1414 484 1473 in
498 1413 623 1475 Italiam
632 1425 811 1509 pervectus,
824 1416 924 1509 multa
942 1435 1047 1477 secum
1067 1436 1116 1476 re·

170 1577 210 1639 15
222 1493 1117 1656 ltttttttttttttlttttttdttttllt

223 1654 339 1716 evitare
356 1662 574 1734 tempestatem,
589 1655 670 1716 clam
683 1676 715 1716 se
727 1676 747 1716 a
761 1656 934 1717 custodibus
953 1657 1116 1731 subduxit,

223 1744 254 1797 et
267 1735 338 1796 inde
351 1735 484 1814 primum
498 1735 631 1809 Elidem,
642 1735 751 1796 deinde
761 1736 880 1796 Thebas
893 1736 986 1798 venit.
1028 1735 1116 1798 Post

222 1835 316 1896 quam
334 1825 436 1876 autem
456 1835 488 1877 se
508 1816 615 1896 capitis
634 1815 823 1890 damnatum,
838 1816 923 1878 bonis
937 1816 1115 1897 publicatis,

223 1896 351 1970 audivit,
369 1905 408 1969 et,
425 1891 458 1956 id
476 1897 557 1976 quod
578 1916 636 1956 usu
649 1905 783 1970 venerat,
797 1897 998 1976 Eumolpidas
1017 1918 1116 1958 saeer-

169 1977 209 2040 20
223 1977 307 2038 dotes
332 1997 351 2038 a
375 1977 488 2056 populo
512 1983 640 2051 coaetos,
660 1986 697 2037 ut
717 1997 749 2037 se
771 1977 963 2051 devoverent,
988 1979 1116 2058 ejusque

223 2056 399 2130 devotionis,
420 2077 480 2136 quo
500 2057 639 2118 testatior
660 2066 737 2118 esset
754 2059 908 2132 memoria,
927 2079 1014 2119 exem
1037 2059 1116 2134 lum,

223 2137 256 2198 in
284 2137 348 2217 pila
375 2137 497 2216 lapidea
523 2129 662 2211 incisum,
682 2157 746 2198 esse
766 2139 899 2232 positum
921 2138 955 2197 in
978 2080 1115 2218 publico,

223 2216 482 2278 Lacedaemonem
496 2216 687 2296 demigravit.
729 2217 787 2291 Ib1,
801 2226 837 2279 ut
854 2219 918 2298 ipse
935 2220 1116 2298 praedicare

223 2306 428 2371 consueverat,
438 2317 499 2358 non
514 2298 658 2359 adversus
671 2299 812 2379 patriam,
826 2299 878 2359 sed
892 2299 1030 2360 inimicos
1043 2320 1116 2361 suos

170 2378 209 2440 25
223 2378 338 2439 bellum
346 2379 445 2457 gessit,
454 2378 534 2458 quod
545 2378 638 2438 iidem
647 2379 747 2439 hostes
757 2388 854 2440 essent
862 2379 988 2440 civitati.
1029 2378 1115 2440 Nam

224 2479 294 2518 cum
318 2458 523 2538 intelligerent
545 2477 576 2518 se
600 2459 768 2537 plurimum
792 2459 932 2538 prodesse
958 2479 1044 2539 posse
1068 2460 1115 2520 rei

223 2537 373 2618 publicae,
399 2559 439 2598 ex
465 2558 502 2599 ea
528 2538 647 2618 ejecisse
674 2539 802 2619 plusque
829 2539 893 2600 irae
919 2550 992 2601 s'uae
1019 2559 1112 2620 quam

223 2618 351 2679 utilitati
374 2618 527 2679 communi
549 2620 692 2699 paruisse.
733 2617 844 2698 Itaque
867 2620 959 2700 hujus
985 2621 1115 2681 consilio

224 2698 456 2760 Lacedaemonii
478 2719 548 2760 cum
570 2698 733 2759 Persarum
755 2720 826 2775 rege
847 2701 1014 2760 amicitiam
1036 2700 1115 2761 fece·

170 2777 210 2840 30
224 2787 313 2852 runt;
334 2780 443 2840 deinde
463 2778 626 2840 Deceleam
646 2779 680 2838 in
695 2779 803 2841 Attica
821 2781 1007 2854 munierunt,
1027 2800 1115 2860 prae-

223 2859 360 2940 sidioque
381 2858 424 2920 ibi
436 2868 594 3000 lperpetuo
617 2859 716 2939 posito
739 2859 773 2920 in
796 2859 961 2938 obsidione,
972 2860 1114 2922 Athenas

223 2948 395 3001 tenuerunt.
461 2940 582 3020 jusdem
596 2960 689 3020 opera
701 2939 821 3001 Ioniam
835 2961 855 2999 a
867 2940 1009 3001 societate
1027 2961 1114 3002 aver·

223 3027 327 3080 terunt
346 3020 588 3081 Atheniensium.
630 3021 701 3097 Quo
722 3020 804 3081 facto
824 3019 923 3082 multo
943 3021 1114 3100 superiores

224 3099 305 3160 bello
319 3120 380 3160 esse
394 3109 565 3178 coeperunt.

170 3177 210 3238 35
264 3178 304 3239 V.
327 3179 433 3257 Neque
446 3199 518 3240 vero
532 3179 579 3238 his
593 3177 683 3239 rebus
693 3188 756 3240 tarn
771 3179 862 3241 amici
872 3179 1030 3241 Alcibiadi
1040 3188 1115 3243 sunt

224 3255 306 3330 facti,
320 3278 412 3350 quam
432 3259 540 3318 timore
560 3258 599 3318 ab
620 3278 655 3318 eo
676 3259 809 3319 alienati.
850 3259 882 3319 N
883 3281 933 3319 am
947 3281 1017 3320 cum
1031 3281 1114 3321 acer·

224 3337 294 3395 rimi
307 3338 366 3398 vrri
386 3345 588 3415 praestantem
608 3339 803 3416 prudentiam
816 3339 849 3397 in
863 3339 1003 3399 omnibus
1021 3340 1114 3401 rebus

224 3424 443 3493 cognoscerent,
457 3416 688 3493 pertimuerunt,
702 3437 741 3476 ne
761 3418 889 3478 caritate
903 3419 1022 3498 patriae
1038 3419 1113 3480 due·

223 3502 273 3554 tus
286 3494 450 3573 aliquando
463 3494 504 3554 ab
517 3493 590 3574 ipsis
603 3495 779 3556 descisceret
794 3505 909 3558 etcum
922 3499 984 3558 suis
997 3499 1030 3557 in
1043 3519 1114 3578 gra·
