2475 3792
164 279 228 344 122
291 297 503 345 connum
532 301 714 347 uaporis
745 302 1024 351 aasumensi.

215 454 264 514 Ne
274 455 327 515 ille
336 456 402 515 sirit
413 455 556 536 Juppiter
566 466 597 517 te
606 479 642 517 ea
653 478 842 536 perseverare
852 479 907 518 nec
918 458 974 518 tibi
986 466 1096 518 tantam

215 535 397 595 dementiam
411 538 514 597 venire
527 537 559 596 in
573 539 718 597 animum.
759 537 801 597 Et
821 539 846 598 si
861 558 1040 616 perseveras,
1054 559 1097 598 ve

215 635 290 688 reor,
304 636 343 675 ne
363 617 396 675 in
415 637 533 677 omnem
548 618 642 679 vitam
665 627 785 678 tanturn
806 617 918 678 laboris
939 615 1030 697 culpa
1049 629 1098 678 tua

216 695 351 776 recipias,
365 697 411 756 uti
424 697 457 756 in
470 697 556 758 nullo
570 707 704 778 tempore
718 708 783 758 tute
797 699 854 758 tibi
868 697 989 777 placere
1002 698 1098 778 possis.
1215 780 1216 784 ἵ

243 1008 307 1080 rx
328 1007 474 1082 niuno
495 1010 558 1082 nu
582 1009 850 1082 msromors
873 1008 1073 1081 nnuma

395 1107 460 1197 ou
482 1107 639 1179 nnunu
663 1106 929 1179 CICERONIS.

570 1253 770 1294 -oossoq'oo—

184 1373 204 1434 5
257 1357 334 1420 Non
347 1357 486 1437 ignorare
503 1356 602 1432 debes,
616 1379 711 1419 unum
732 1359 790 1420 hoe
810 1379 904 1438 genam
924 1357 1103 1422 latinarum

217 1439 388 1500 litterarum
402 1439 503 1500 adhuc
516 1459 577 1499 non
591 1439 680 1500 modo
691 1460 752 1499 non
762 1440 941 1518 respondere
952 1439 1103 1512 Graeciae,

217 1520 269 1580 sed
289 1519 412 1579 omnino
435 1520 509 1579 rude
530 1529 622 1599 atque
644 1520 819 1580 inchoatum
840 1529 936 1580 morte
957 1519 1105 1580 Ciceronis

218 1600 366 1661 relictum.
410 1599 469 1660 Ille
482 1600 563 1660 enim
576 1601 636 1660 fuit
652 1621 739 1674 unus,
753 1601 806 1679 qui
826 1600 959 1679 potuerit
973 1610 1005 1660 et
1018 1601 1105 1660 etiam

217 1680 357 1741 debuerit
376 1681 532 1741 historiam
553 1681 647 1760 digna
662 1701 736 1742 voce
756 1681 973 1759 pronuntiare:
996 1682 1107 1760 quippe

165 1771 206 1835 10
219 1761 272 1841 qui
293 1761 456 1821 oratoriam
481 1761 683 1841 eloquentiam
709 1762 814 1820 rudem
837 1780 856 1821 a
878 1760 1044 1840 majoribus
1065 1782 1109 1822 ae·

218 1851 338 1920 ceptam
353 1842 557 1921 perpoliverit,
567 1842 800 1921 philosophiam,
811 1850 882 1900 ante
893 1861 962 1900 eum
978 1841 1110 1922 incomp

218 1931 293 1996 tam,
315 1922 459 1982 Latinam
485 1943 542 1982 sua
568 1922 764 1982 eonl'ormarit
791 1921 934 1981 oratione.
977 1921 1030 1981 Ex
1051 1943 1109 2002 quo

218 2003 334 2077 dubito,
351 2003 476 2063 interitu
497 2004 560 2082 ejus
582 2013 686 2063 utrum
707 2023 754 2062 res
775 2001 899 2082 publica
921 2021 962 2061 an
984 2001 1110 2064 historia

217 2085 314 2164 magis
327 2084 437 2145 doleat

164 2174 204 2235 15
257 2165 408 2244 Locuples
421 2185 457 2225 ac
470 2162 577 2225 divina
592 2171 712 2236 natura,
727 2183 786 2243 quo
806 2162 951 2241 majorem
965 2161 1013 2221 sui
1027 2183 1110 2242 pare

217 2255 263 2307 ret
283 2245 514 2307 admirationem
535 2244 806 2322 ponderatioraque
829 2263 884 2301 sua
905 2251 1003 2302 essent
1024 2242 1109 2303 bene

215 2326 293 2399 ficia,
303 2346 401 2404 neque
414 2325 467 2385 uni
481 2325 583 2386 omnia
592 2324 666 2384 dare
675 2344 731 2383 nee
742 2343 844 2382 rursus
854 2322 997 2401 cuiquam
1008 2323 1109 2390 omnia

215 2407 314 2469 voluit
326 2426 445 2485 negare

216 2678 281 2751 nx
309 2672 549 2750 nersroms
573 2673 636 2745 nn
664 2671 711 2743 n.
739 2667 1016 2744 oronaouun
1042 2626 1103 2742 ni

259 2830 261 2837 ,
494 2768 826 2844 salassorum.

553 2914 769 2956 ——oossozoffi-

253 3025 397 3088 raama
409 3022 502 3096 abest,
516 3030 551 3082 ut
570 3041 625 3100 ego
639 3019 816 3098 magistram
829 3037 890 3079 esse
904 3025 1010 3097 putem
1023 3019 1104 3081 vitae

160 3109 200 3170 20
213 3105 436 3187 philosophiam
450 3103 614 3180 beataeque
628 3101 710 3162 vitae
731 3099 947 3178 perfectricem,
962 3107 997 3158 ut
1010 3101 1103 3161 nullis

214 3186 309 3263 magis
331 3184 500 3244 existimem
521 3201 596 3260 opus
617 3199 680 3239 esse
700 3179 858 3258 magistros
872 3178 997 3239 vivendi
1011 3200 1103 3258 quam
1156 3216 1160 3224 ·

213 3265 372 3342 plerisque,
395 3263 448 3340 qui
473 3262 506 3320 in
527 3279 563 3320 ea
585 3260 769 3337 disputanda
792 3268 960 3319 versantur.
1003 3259 1103 3321 Video

212 3343 293 3401 enim
303 3362 445 3418 magnam
456 3348 573 3418 partem
587 3359 700 3410 eorum,
712 3339 764 3415 qui
777 3338 810 3396 in
823 3338 929 3398 schola
939 3339 977 3399 de
987 3341 1104 3419 pudore

211 3430 242 3480 et
268 3420 453 3479 continentia
480 3419 668 3497 praecipiant
695 3417 894 3494 argutissime,
923 3420 1045 3480 eosdem
1072 3421 1103 3482 in

158 3500 197 3558 25
211 3499 346 3560 omnium
366 3497 528 3556 libidinum
549 3497 766 3574 cupiditatibus
787 3497 899 3558 vivere.
