2475 3792
169 264 213 328 58
446 278 660 325 conanum
691 276 882 323 sarens.

221 455 295 516 gens
308 433 450 515 primum,
465 436 563 528 qualis
577 443 661 528 essct,
675 433 794 574 {imit
807 432 840 491 in
853 431 945 525 lrello,
959 430 1105 525 quadres

221 512 1013 675 tltllltlllttttmffllltltllll
1031 513 1106 669 ”tlt

222 675 338 738 factum
352 684 405 748 est,
420 685 463 749 ut,
478 695 547 735 cum
560 675 593 734 in
606 696 641 735 eo
656 674 736 734 bello
756 673 911 734 cecidisset
930 672 1108 746 Camisares,
1217 738 1227 758 ·

188 759 209 820 5
222 766 350 838 paterna
363 756 391 815 ei
404 755 574 816 traderetur
587 755 753 835 provincia.
1223 824 1227 835 ‚

263 836 306 896 Il.
328 835 401 897 Pari
427 855 459 895 se
481 836 595 897 virtute
672 844 721 895 tea
744 833 894 914 praebuit,
918 854 990 895 cum
1013 831 1110 894 Autc-

243 917 386 977 hradates
404 917 492 996 jussu
515 916 593 995 regis
616 856 698 976 iilic
722 925 950 995 persequeretur
974 935 1034 988 ecs,
1058 914 1110 994 qui

222 938 402 1059 defecerant.
444 995 584 1075 Namque
598 996 688 1076 hujus
702 1016 795 1074 opera
807 995 915 1069 hostes,
926 1016 997 1055 cum
1012 1005 1111 1055 castra

224 1079 290 1157 jam
303 1078 473 1150 intrassent,
488 1076 641 1155 profligati
660 1085 733 1136 sunt
749 1076 959 1155 exercitusque
974 1076 1110 1154 reliquus

170 1161 210 1224 10
224 1166 416 1219 conservatus
440 1157 518 1235 regis
542 1166 603 1229 est;
627 1177 689 1236 qua
711 1176 751 1216 ex
774 1177 807 1216 re
830 1155 997 1236 majoribus
1021 1156 1110 1217 rebus

246 1257 358 1298 raeessc
382 1237 487 1316 coepit.
529 1236 607 1298 Erat
619 1258 666 1298 reo
687 1245 822 1316 tempore
843 1236 948 1316 Thyus
967 1237 1110 1316 dynastes

224 1259 460 1397 i'aphlagoniae,
480 1318 606 1397 antiquo
633 1338 749 1397 genere,
770 1327 854 1378 crtus
879 1338 900 1377 a
926 1316 1110 1396 Pylaemene

223 1398 287 1472 illo,
307 1419 396 1477 quern
416 1397 570 1458 Homerus
589 1397 696 1460 Troico
717 1397 798 1458 bello
818 1419 837 1458 a
858 1397 1000 1458 Patroclo
1021 1398 1110 1457 inter-

224 1479 336 1540 fectum
357 1479 409 1539 ait.
450 1478 482 1539 ls
502 1479 565 1558 regi
581 1479 662 1540 dicto
676 1480 802 1540 audiens
816 1498 877 1538 non
890 1487 963 1538 erat
1005 1478 1109 1555 Quam

174 1563 211 1631 15
225 1560 263 1620 cb
285 1579 406 1620 causam
426 1558 507 1620 bello
528 1581 597 1620 eum
618 1560 757 1639 persequi
776 1558 942 1632 constituit,
958 1559 1048 1638 eique
1067 1558 1109 1618 rei

225 1639 370 1720 praefecit
384 1639 556 1713 Datamem,
571 1641 776 1719 propinquum
789 1639 1013 1719 Paphlagonis;
1027 1660 1110 1699 nam-

246 1741 284 1780 ne
297 1741 337 1781 ex
350 1720 444 1782 fratre
457 1729 487 1780 et
500 1740 600 1781 sorore
610 1729 698 1780 erant
707 1720 781 1780 nati.
823 1720 927 1796 Quam
938 1720 977 1780 ob
989 1741 1110 1781 causam

257 1811 371 1862 atames
391 1801 524 1880 primum
545 1801 677 1880 experiri
690 1800 798 1874 voluit,
812 1809 847 1860 ut
861 1801 924 1860 sine
938 1801 1032 1860 armis
1046 1821 1111 1880 prc-

224 1882 373 1961 pinquum
394 1881 434 1941 ed
454 1881 586 1941 officium
603 1881 767 1941 reduceret
808 1879 861 1940 Ad
875 1901 965 1959 quem
979 1901 1050 1941 cum
1063 1901 1112 1943 ve-

171 1967 211 2029 20
224 1962 316 2022 nisset
329 1962 393 2021 sine
407 1961 564 2040 praesidio,
579 1961 660 2040 quod
676 1960 716 2020 ab
729 1961 827 2021 amico
840 1960 943 2021 nullas
956 1972 1113 2023 vereretur

224 2041 357 2114 insidias,
371 2061 466 2121 paene
479 2041 602 2102 interiit.
643 2039 726 2100 Nam
736 2041 783 2100 'lh
850 2041 1012 2102 eumclam
1022 2043 1113 2102 inter·

225 2122 313 2182 ficere
327 2122 432 2183 voluit
474 2121 551 2181 Erat
571 2130 668 2180 mater
688 2141 758 2181 cum
810 2131 920 2194 atame,
940 2122 1036 2183 amita
1056 2123 1114 2183 Pa·

225 2201 394 2282 phlagonis.
436 2201 493 2274 Ea,
507 2202 581 2281 quid
595 2210 744 2280 ageretur,
757 2201 859 2263 resciit
876 2201 1035 2281 filiumque
1051 2223 1115 2262 mo-

127 2307 128 2310 *
226 2282 302 2342 nuit
344 2281 403 2342 Ille
413 2281 486 2360 fuga
496 2281 666 2361 periculum
676 2281 804 2343 evitavit
814 2281 990 2360 bellumque
999 2282 1115 2343 indixit

138 2399 139 2402 ¹
173 2367 212 2428 25
226 2361 273 2421 Th
295 2382 322 2423 0.
364 2361 470 2441 Inquo
479 2382 549 2422 curn
557 2362 597 2422 ab
608 2361 824 2434 Ariobarzane,
833 2362 984 2440 praefecte
994 2361 1116 2442 Lydiae

227 2451 258 2502 et
274 2383 382 2502 ioniae
401 2443 553 2521 totiusque
574 2441 735 2520 Phrygiae,
756 2441 890 2502 desertus
910 2451 995 2515 esset,
1015 2443 1116 2503 nihilo

226 2523 346 2602 segnius
369 2523 581 2601 perseveravit,
604 2523 772 2601 vivumque
793 2521 915 2602 Thyum
939 2522 1021 2601 cepit
1044 2543 1116 2584 cum

227 2622 322 2663 uxore
335 2612 366 2663 et
379 2603 489 2663 liberis.

267 2682 329 2744 Ill.
350 2683 444 2762 Cujus
467 2681 540 2742 facti
565 2703 604 2742 ne
627 2682 712 2762 prius
735 2682 819 2744 fama
838 2682 877 2743 ad
899 2703 999 2763 regem
1020 2705 1116 2764 quam

174 2769 214 2830 30
228 2763 299 2843 ipse,
313 2763 492 2842 perveniret,
507 2763 591 2823 dedit
608 2783 740 2843 operam.
772 2762 891 2842 ltaque
909 2764 1051 2825 omnibus
1071 2766 1116 2824 in-

227 2844 304 2916 sciis,
319 2865 362 2916 ec,
376 2843 429 2902 ubi
450 2852 516 2904 erat
535 2864 599 2917 rex,
613 2844 698 2905 venit
713 2852 892 2923 posteroque
912 2845 962 2904 die
981 2845 1116 2925 Thyum,

228 2924 380 2984 hominem
394 2924 522 2984 maximi
536 2945 587 2984 eor
628 2924 668 2984 ris
686 2924 875 3004 terribilique
888 2924 974 2998 faeie,
988 2927 1071 3005 quod
1084 2935 1117 2986 et

227 3005 314 3083 niger
327 3013 357 3064 et
371 3003 482 3082 capillo
492 2945 748 3083 longciiubaque
757 3014 823 3064 erat
833 3005 988 3084 promissa,
998 3007 1117 3086 optima

227 3093 310 3146 veste
323 3084 410 3156 texit,
424 3104 517 3162 quam
536 3085 677 3162 §atrapae
696 3085 771 3162 regii
792 3105 896 3163 gerere
915 3096 1116 3160 consuerant3

174 3165 213 3227 35
228 3164 349 3223 ornavit
362 3164 454 3223 etiam
467 3172 574 3242 terque
587 3172 679 3241 atque
692 3163 821 3224 armillis
839 3166 938 3225 aureis
956 3175 1118 3246 ceteroque

227 3243 309 3319 regio
324 3243 425 3314 cultu;
439 3243 503 3321 ipsc
513 3243 624 3320 agresti
634 3243 750 3321 duplici
764 3245 895 3304 amiculo
909 3245 1118 3307 circumdatus

226 3321 368 3398 hirtaque
381 3323 493 3393 tunica,
508 3341 612 3400 gerens
626 3321 659 3381 in
673 3323 772 3401 capite
785 3324 904 3401 galeam
914 3328 1118 3401 venatoriam,

227 3400 336 3460 dextra
350 3420 442 3459 manu
457 3401 585 3473 clavam,
599 3401 722 3462 sinistra
735 3402 885 3481 copulam,
900 3425 962 3484 qua
974 3407 1118 3468 vinctum

227 3487 298 3542 ante
310 3499 342 3560 se
355 3479 476 3558 Thyum
494 3479 612 3557 agebat,
627 3489 663 3540 ut
681 3482 707 3540 si
728 3481 823 3542 feram
844 3483 971 3544 bestiam
992 3498 1117 3567 captam
