2475 3792
452 271 669 320 nnranes
1018 256 1062 320 tt

125 422 281 516 plantisque
294 426 379 488 vitae
396 449 470 489 cnm
485 430 629 510 pleraque
642 430 790 510 possimus
803 404 936 509 proferre
951 439 1007 491 tee

124 505 247 577 limonia,
263 524 324 566 uno
343 509 462 570 erimus
483 511 624 583 contenti,
639 511 722 589 quod
735 531 775 570 ex
788 530 823 570 eo
836 511 926 570 facile
939 532 1006 571 con·

122 583 172 660 jici
191 587 308 662 poterit,
330 609 429 666 quam
452 611 540 650 carus
559 591 619 650 suis
640 592 741 650 luerit.
783 591 861 651 Cum
875 589 1006 652 Athenis

120 662 355 727 adolescentulus
370 690 498 730 causam
513 671 633 743 diceret,
647 691 709 730 non
727 670 825 730 solum
844 671 934 731 amici
947 671 1006 750 pri·

120 745 235 822 vatique
248 745 385 826 hospites
406 751 537 810 adeum
556 750 778 810 defendendum
792 762 1006 825 convenerunt,
1040 751 1061 811 5

118 822 268 884 sedetiam
282 827 316 886 in
330 829 375 890 eis
390 829 414 891 J
415 851 497 903 ason,
512 839 661 910 tyrannus
683 830 864 905 Thessaliae,
879 831 931 910 qui
952 831 1006 891 illo

118 909 244 982 tempore
268 907 330 968 suit
355 912 496 970 omniurn
521 911 752 989 potentissimus.
793 911 858 972 Hic
880 932 950 971 curn
973 911 1006 971 in

118 985 211 1058 patria
233 986 299 1048 sine
323 991 511 1051 satellitibus
536 1011 567 1050 se
590 999 692 1050 tutum
714 1011 774 1050 non
797 990 1005 1065 arbitraretur,

117 1061 249 1126 Athenas
267 1069 334 1130 sine
348 1071 416 1131 ullo
430 1071 581 1151 praesidio
595 1071 680 1132 venit
700 1073 839 1150 tantique
858 1071 1006 1151 hospitem

117 1141 190 1216 fecit,
205 1155 240 1205 ut
256 1149 370 1211 mallet
388 1171 421 1212 se
439 1152 548 1230 capitis
562 1152 733 1230 periculum
746 1152 840 1225 adire,
854 1172 945 1230 quam
959 1152 1007 1211 Ti·
1022 1153 1061 1214 10

116 1225 229 1285 motheo
251 1228 290 1288 de
311 1230 400 1292 fama
420 1232 579 1291 dimicanti
592 1233 707 1293 deesse.
749 1232 844 1292 Hunc
864 1233 1007 1293 adversus

116 1309 211 1364 tamen
226 1305 411 1372 Timotheus
424 1322 529 1390 postea
543 1312 649 1391 populi
663 1314 751 1392 jussu
771 1312 886 1372 bellum
907 1314 1005 1392 gessit,

116 1384 288 1522 ffiriaeque
309 1393 466 1452 sanctiora
482 1393 555 1471 jura
575 1413 668 1471 quam
687 1393 810 1471 hospitii
828 1413 890 1453 ease
907 1393 1005 1454 duxit

166 1485 198 1525 ec
212 1477 358 1532 extrema
367 1472 427 1532 fuit
439 1481 523 1532 aetas
537 1473 755 1552 imperatorum
764 1473 1006 1547 Atheniensium,

116 1538 286 1624 iphicratis,
304 1553 469 1625 Chabriae,
489 1552 658 1625 Timothei3
679 1573 777 1632 neque
796 1563 864 1632 post
883 1553 1006 1614 illorum
1021 1554 1060 1616 15

117 1622 228 1687 obitum
250 1633 417 1712 quisquam
439 1634 505 1692 dux
525 1633 557 1692 in
578 1633 634 1693 illa
653 1633 728 1693 urbe
743 1633 804 1693 fuit
821 1633 930 1712 dignus
948 1654 1007 1693 me·

117 1707 215 1769 moria.
258 1711 365 1774 Venio
384 1733 466 1772 nune
485 1713 526 1772 ad
543 1714 739 1774 fortissimum
753 1714 855 1775 virum
868 1715 1008 1773 maximi-

118 1803 172 1861 que
196 1793 318 1852 consilii
344 1794 482 1853 omnium
505 1792 715 1867 barbarorum,
735 1795 869 1873 exceptis
889 1794 1007 1854 duobus

119 1863 428 1950 Carthaginiensibus,
457 1872 636 1934 Hamilcare
662 1883 693 1934 et
720 1873 906 1935 Hannibale.
958 1874 1007 1935 De

119 1963 173 2021 quo
197 1949 255 2012 hoc
280 1955 375 2032 plura
398 1953 569 2028 referemus,
587 1954 669 2033 quod
690 1963 720 2014 et
739 1954 913 2015 obscuriora
936 1964 1007 2015 sunt
1020 1955 1060 2018 20

118 2027 177 2102 ejus
190 2042 276 2108 gesta
290 2034 448 2112 pleraque,
459 2041 490 2092 et
504 2054 547 2106 ea,
558 2055 636 2112 quae
649 2055 791 2113 prospere
804 2035 831 2094 ei
846 2044 1007 2108 cesserunt,

120 2123 176 2165 non
199 2113 416 2192 magnitudine
440 2113 605 2190 copiamm,
628 2115 681 2173 sed
705 2115 831 2187 consilii,
855 2124 1007 2195 quotum

120 2205 217 2252 omnes
230 2193 408 2272 superabat,
423 2192 615 2268 acciderunt3
636 2215 765 2274 quorum
784 2195 842 2254 nisi
860 2195 939 2255 ratio
958 2215 1008 2254 ex-

121 2266 230 2343 plicata
244 2275 348 2351 fuerit,
361 2294 411 2337 res
425 2293 572 2353 apparere
584 2295 647 2336 non
659 2284 811 2355 poterunt.

420 2529 678 2542 ..ιι-...-

346 2717 466 2791 XIV.
496 2717 779 2792 DATAMES.

462 2881 676 2922 —mfflowm

158 2987 184 3052 I.
204 2987 381 3060 Danaeius,
396 2995 482 3066 patre
496 2986 659 3061 Camisare,
672 2989 796 3050 natione
811 2989 897 3064 Care,
912 3001 1009 3055 matre
1024 2997 1062 3056 25

123 3065 275 3150 Scythissa
285 3077 385 3140 natus,
394 3067 526 3146 primum
535 3069 568 3127 in
577 3069 711 3128 milituln
721 3090 846 3130 numero
857 3071 916 3131 fuit
926 3076 1009 3151 apud

123 3148 328 3210 Artaxerxem
350 3168 464 3219 eorum,
488 3149 540 3226 qui
564 3149 679 3226 regiam
703 3149 875 3210 tuebantur.
917 3152 1010 3214 Pater
1048 3203 1051 3207 J

122 3231 182 3308 ejus
195 3229 376 3298 Camisarea,
387 3228 467 3304 quod
482 3238 512 3286 et
526 3248 619 3286 manu
634 3229 719 3286 fortis
733 3238 763 3285 et
776 3229 857 3286 bello
870 3240 1009 3289 strenuus

123 3318 151 3368 et
164 3309 228 3387 regi
245 3307 352 3366 multis
370 3306 444 3364 locis
462 3306 559 3363 fidelis
579 3314 646 3362 erat
663 3313 808 3379 repertus,
822 3305 930 3360 habuit
944 3326 1010 3379 pro-

124 3389 254 3450 vinciam
276 3393 396 3464 partem
416 3384 542 3443 Ciliciae
558 3384 651 3459 juxta
671 3381 905 3453 Cappadociam,
919 3398 1010 3451 quam
1025 3379 1086 3433 30.

126 3467 259 3529 incalunt
280 3463 456 3541 leucosyri.
497 3462 645 3519 Datames
664 3457 797 3513 militare
816 3472 926 3508 munus
945 3453 1012 3506 fun-
