2475 3792
464 231 715 279 naumann
1048 217 1090 283 97

182 388 241 452 ΠΙ.
261 389 365 450 Rebus
379 389 429 449 his
443 411 484 449 ex
497 390 648 449 sententia
661 389 799 468 peractis,
814 388 919 451 fidenti
935 389 1035 452 animo

143 479 233 550 atque
246 471 354 530 infesto
369 470 528 541 Romanis,
543 490 604 548 quo
617 470 737 529 facilius
757 490 878 534 causam
900 470 1035 532 bellandi

143 552 295 629 reperiret,
310 551 417 622 effecit,
432 558 467 609 ut
481 551 647 627 imperator
668 571 736 610 cum
757 551 891 611 exercitu
912 551 945 610 in
965 551 1035 611 His-

143 632 267 710 pauiam
282 631 463 701 mitteretur,
477 650 573 709 eoque
585 650 687 689 secum
701 630 791 690 duxit
804 631 901 690 lilium
917 631 1035 692 Hanni·

143 711 245 770 halem
272 730 424 770 annorum
451 730 570 770 novem.
621 710 699 770 Erat
725 719 880 788 praeterea
907 732 977 771 cum
1001 731 1036 772 eo
1070 711 1090 771 ὃ

142 790 318 864 adolescens
330 790 467 862 illustris,
482 790 638 862 formosus
653 789 840 863 Hasdrubal,
874 811 942 851 uem
963 812 1036 852 non-

142 871 223 931 nulli
246 870 335 950 diligi
356 871 485 948 turpius,
506 890 598 948 quam
623 891 679 949 par
700 879 774 944 erat,
796 871 835 931 ab
893 871 1036 932 amilcare

141 950 357 1030 loquebantur.
398 950 470 1010 Non
491 950 571 1010 enim
591 950 733 1010 maledici
753 959 838 1012 tanto
850 952 917 1012 viro
938 950 1036 1012 deesse

183 1039 320 1091 terant·
337 1031 408 1106 Quo
432 1030 547 1090 factum
571 1040 623 1103 est,
645 1039 680 1091 ut
704 1052 722 1090 a
745 1031 895 1111 praefecto
918 1051 1036 1092 mamm

179 1111 327 1172 asdrubal
349 1131 418 1172 cum
440 1131 475 1170 eo
489 1120 644 1171 vetaretur
664 1131 733 1171 esse.
775 1111 859 1172 Huic
876 1111 928 1173 ille
942 1111 1037 1186 liliam
1053 1113 1090 1174 10

141 1213 232 1254 suam
256 1193 290 1251 in
311 1191 540 1252 matrimonium
559 1191 652 1264 dedit,
673 1191 752 1270 quod
777 1191 910 1252 moribus
934 1213 1037 1253 eorum

142 1294 206 1334 non
230 1282 351 1352 poterat
373 1271 513 1332 interdici
536 1291 636 1332 socero
659 1291 775 1350 genero.
818 1271 867 1332 De
890 1273 947 1333 hoc
970 1273 1037 1334 ideo

142 1355 331 1414 mentionem
341 1352 475 1425 fecimus,
485 1352 575 1432 quod,
586 1351 764 1412 Hamilcare
773 1353 879 1426 occisa,
890 1353 942 1413 ille
955 1374 1038 1414 exer-

142 1434 221 1496 citui
235 1432 376 1513 praefuit,
387 1453 493 1512 resque
506 1452 631 1511 magnas
644 1433 742 1512 gessit,
753 1443 784 1494 et
797 1433 935 1572 princeps
949 1433 1038 1514 largi-

143 1516 230 1576 tione
257 1523 390 1575 vetustos
423 1513 569 1592 pervertit
599 1533 697 1572 mores
724 1512 798 1574 Cart
819 1513 1036 1592 agiuiensium;
1053 1523 1090 1584 15

143 1594 341 1675 ejusdemque
354 1603 421 1674 post
434 1601 562 1653 mortem
577 1592 737 1654 Hannibal
751 1593 791 1654 ab
806 1594 941 1654 exercitu
956 1615 1037 1656 acce

145 1677 193 1756 pit
208 1675 379 1754 imperium.

187 1754 248 1816 IV.
276 1755 321 1815 At
344 1759 515 1832 Hamilcar,
536 1767 732 1838 posteaquam
756 1778 840 1818 mare
863 1756 983 1818 transiit
1003 1757 1037 1818 in

145 1839 393 1918 Hispaniamque
404 1840 498 1911 veuit,
513 1859 638 1918 magnas
659 1859 705 1898 res
725 1839 857 1899 secunda
876 1838 966 1918 gessit
980 1837 1037 1898 for-

146 1929 241 1981 tuna:
270 1921 419 1980 maximas
446 1919 744 1998 bellicosissimasque
771 1927 874 1998 gentes
900 1918 1036 1998 subegit;
1050 1924 1090 1987 20

146 2001 242 2079 equis,
256 2001 356 2073 armis,
371 2000 454 2073 viris,
471 2000 599 2078 pecunia
618 2008 715 2059 totam
736 1999 935 2077 locupletavit
955 1998 1037 2058 Afri-

147 2101 225 2141 cam.
267 2079 330 2140 Hic
343 2101 414 2141 cnm
435 2081 467 2139 iu
487 2079 610 2139 Italiam
628 2077 742 2139 bellum
757 2079 867 2139 inferre
880 2078 1037 2139 meditare·

146 2171 209 2234 tur,
225 2182 306 2222 nono
326 2182 406 2221 anno
427 2169 586 2238 postquam
606 2160 639 2218 in
660 2159 843 2238 Hispaniam
857 2167 990 2231 venerat,
1005 2159 1037 2218 in

147 2241 263 2322 proelio
277 2262 418 2320 pugnans
431 2241 575 2300 adversus
588 2239 735 2300 Vettones
749 2239 863 2299 occisus
876 2247 928 2299 est.
970 2238 1038 2299 Hu-

150 2324 203 2402 jus
223 2331 405 2400 perpetuum
425 2320 529 2380 odium
543 2340 614 2398 erga
629 2319 782 2380 Romanos
796 2319 928 2378 maxime
942 2319 1037 2379 conci-
1052 2325 1090 2386 25

146 2411 225 2463 tasse
238 2401 362 2463 videtur
375 2398 541 2460 secundum
553 2399 670 2468 bellum
684 2399 856 2459 Poenicum.
897 2398 1038 2478 Namque

147 2481 318 2553 Hannibal,
332 2480 414 2540 filius
436 2480 508 2557 ejus,
526 2479 653 2539 assiduis
674 2481 769 2558 patris
790 2479 1038 2540 obtestationibus

146 2583 183 2622 eo
208 2572 253 2623 est
281 2560 455 2640 perductus,
475 2568 511 2619 ut
535 2559 659 2619 interire
683 2581 774 2638 quam
798 2559 951 2620 Romanos
977 2579 1039 2619 non

146 2642 281 2724 experiri
294 2641 412 2701 mallet

324 3006 506 3081 XXIII.
540 3005 865 3079 HANNIBAL.

494 3167 708 3208 -wossozoo—

187 3294 214 3356 Ι.
239 3291 437 3362 HANNIBAL,
457 3285 646 3347 Hamilcaris
666 3283 755 3353 filius,
776 3275 1040 3350 Carthaginiensis.
1056 3275 1094 3336 30

149 3375 182 3437 Si
190 3393 301 3437 verum
312 3369 454 3447 estquod
464 3385 553 3425 nemo
562 3362 691 3452 dubitat,
700 3368 735 3417 ut
746 3356 876 3442 populus
886 3351 1042 3450 Romanus

149 3447 503 3589 omes7ge-qtqqginute
522 3447 681 3534 superant,
696 3455 756 3494 non
777 3441 821 3490 est
841 3424 1042 3492 infitiandum,
