2475 3792
352 809 385 882 I.
423 745 803 882 urnalibus

472 990 690 1034 -οοξοζοᾳ-

142 1209 145 1218 ,
169 1149 195 1211 Ι.
215 1151 422 1229 Mammas,
436 1141 571 1212 Oi'rirdriis
587 1127 677 1230 filiirs,
692 1148 895 1226 Atheniensis,
911 1172 979 1211 cum
994 1160 1025 1212 et
1072 1153 1112 1182 '''
1127 1167 1144 1176 ··

130 1233 320 1311 antiquitate,
327 1233 448 1312 gederis
457 1242 487 1292 et
498 1232 596 1310 gloria
606 1229 755 1319 maijorum
767 1243 797 1292 ct
810 1230 865 1309 [sira
880 1232 1025 1292 modestia

124 1296 211 1389 ’iliius
224 1313 364 1372 omni'um
379 1313 513 1394 maxime
528 1312 650 1373 floreret:
661 1332 756 1392 enque
772 1301 850 1372 esset
868 1305 976 1383 aetatd}
990 1321 1025 1372 ut

131 1407 195 1451 non
211 1393 282 1474 jbm‘
300 1392 402 1452 sblltm‘
416 1387 507 1454 decb
525 1391 599 1470 bene
620 1402 749 1473 sperare,
764 1394 815 1453 sed
830 1394 921 1471 etiam
936 1392 1025 1452 conii·

133 1472 205 1552 dere
224 1473 308 1532 ¹cives
329 1483 449 1551 possent
470 1472 525 1544 sui,
540 1473 634 1533 talem
651 1482 720 1533 edm
741 1466 889 1547 ilitur'dm',
925 1472 1025 1532 nalem
1058 1471 1079 1532 5

134 1535 292 1630 cdgniium
302 1553 494 1631 judicarunt:
508 1553 629 1626 accidit,
640 1563 675 1614 ut
688 1553 887 1615 Athenienses
901 1495 1025 1614 dherse

134 1653 241 1692 nerum
263 1633 382 1692 colonos
399 1632 516 1693 vellent
536 1632 663 1694 mittere.
704 1633 798 1713 Cujus
818 1634 934 1713 generis
955 1652 1045 1695 crun-

23 1720 27 1785 ζ
135 1732 266 1790 magnus
286 1732 429 1772 numerus
449 1721 533 1784 esset,
555 1721 584 1772 et
605 1713 696 1773 multi
714 1715 778 1774 e‘us
798 1713 1025 1793 demigrationis

26 1860 28 1873 Ι
136 1801 275 1871 peterent
295 1793 475 1864 societatem,
491 1813 529 1851 ex
543 1791 590 1852 his
604 1793 713 1854 delecti
759 1794 864 1872 elphos
880 1793 1025 1855 delibera·

137 1881 203 1932 tum
224 1872 309 1932 missi
328 1881 407 1945 sunt,
422 1872 476 1950 qui
497 1873 688 1933 consulerent
699 1873 885 1953 Apollinem,
901 1895 961 1952 quo
975 1893 1025 1952 po
1040 1872 1079 1933 10

137 1953 287 2012 tissimum
302 1953 378 2012 duce
391 1961 555 2012 uterentur.
597 1953 739 2032 Namque
751 1963 818 2014 tum
832 1953 962 2014 Thraces
976 1974 1026 2013 eas

139 2033 274 2111 regiones
294 2033 446 2105 tenebant,
466 2053 534 2092 cum
555 2033 665 2112 quibus
685 2034 777 2094 armis
797 2043 862 2094 erat
882 2033 1026 2092 dimican-

140 2113 220 2172 dum.
263 2111 323 2172 His
350 2112 575 2173 consulentibus
602 2114 782 2174 nominatim
806 2113 920 2193 Pythia
942 2133 1026 2192 prae

140 2193 277 2271 ospitat
298 2193 471 2252 Miltiadem
492 2193 704 2272 imperatorem
723 2193 782 2254 sibi
802 2202 973 2253 sumerent:
993 2193 1026 2252 id

140 2273 165 2332 si
187 2273 333 2346 fecissent,
355 2273 477 2351 incepta
497 2293 640 2352 prospera
663 2274 776 2334 futura.
817 2274 887 2333 Hoc
911 2272 1027 2333 oraculi
1041 2272 1080 2333 15

141 2373 279 2432 responso
293 2353 451 2413 Miltiades
471 2373 540 2414 cum
557 2353 675 2414 delecta
688 2375 781 2414 manu
796 2353 888 2414 classe
902 2353 1026 2414 Cherso

140 2451 243 2492 nerum
258 2433 410 2512 profectus
424 2453 494 2492 cum
507 2435 677 2495 accessisset
693 2433 854 2507 Lemnum,
868 2443 899 2494 et
913 2433 1027 2493 incolas

96 2590 99 2594 ι
141 2514 202 2592 ejus
222 2514 339 2574 insulae
359 2512 416 2574 sub
436 2523 614 2592 potestatem
636 2515 771 2594 redigere
788 2514 881 2576 vellet
899 2513 1027 2574 Atheni·

141 2594 264 2666 ensinm,
285 2593 377 2674 idque
402 2593 522 2653 Lemnii
549 2616 604 2654 sua
630 2605 738 2674 sponte
763 2594 906 2667 facerent,
927 2602 1027 2673 postu-

141 2672 245 2746 lasset3
259 2674 306 2733 illi
317 2674 476 2733 irridentes
486 2675 713 2754 responderunt,
724 2683 791 2735 tum
801 2676 834 2735 id
843 2695 874 2734 se
884 2674 1026 2745 facturos,
1040 2673 1081 2734 20

142 2773 206 2813 curn
224 2754 285 2827 ille,
300 2754 391 2814 domo
412 2753 541 2814 navibus
562 2756 760 2834 proficiscens,
774 2766 865 2817 vento
885 2754 1028 2834 aquilone

141 2834 269 2895 venisset
296 2833 456 2894 Lemnum.
498 2833 561 2902 Hic
588 2835 669 2894 enim
697 2844 815 2908 ventus,
835 2835 875 2894 ab
901 2843 1027 2913 septem-

142 2914 288 2974 trionibus
316 2914 423 2988 orieus,
447 2914 608 2976 adversum
636 2924 719 2976 tenet
742 2915 874 2975 Athenis
897 2913 1028 2995 proficis·

143 2995 285 3054 centibus.
328 2993 483 3054 Miltiades
510 2994 650 3054 morandi
677 3004 796 3073 tempus
824 3016 885 3055 non
912 2994 1028 3054 habens

143 3095 261 3134 cursum
283 3073 406 3147 direxit,
427 3095 486 3153 quo
513 3075 667 3148 tendebat,
687 3075 886 3154 pervenitque
904 3075 1028 3135 Chersc-
1042 3073 1081 3133 25

128 3173 253 3214 mesum.

181 3233 223 3294 H.
245 3233 297 3294 Ibi
309 3232 396 3294 brevi
414 3242 548 3312 tempore
567 3233 768 3294 barbarorum
782 3234 875 3310 copiis
888 3232 1028 3309 disjectis,

144 3321 205 3374 tota
229 3314 362 3392 regione,
384 3333 475 3392 quam
499 3313 638 3390 petierat,
658 3313 782 3390 potitus,
806 3312 874 3368 loca
898 3310 1029 3367 castellis

144 3393 250 3454 idonea
285 3391 494 3463 communivit,
528 3392 766 3460 multitudinem,
800 3406 893 3462 quam
929 3401 1030 3441 secum

143 3473 282 3546 duxerat,
298 3473 332 3532 in
345 3473 426 3550 agris
440 3470 603 3530 collocavit
616 3468 788 3540 crebrisque
805 3458 1031 3578 excursiqfibus
1045 3451 1085 3507 30
