2475 3792
439 281 717 330 ALCIBIADES.
1033 267 1077 330 33

123 439 198 500 luxu
215 439 308 513 'osus
323 437 504 514 dissolutus,
519 438 705 513 libidinosus,
718 438 814 500 intem
853 458 923 500 rans
941 457 1023 519 repe·

122 461 266 592 ricbalur,
276 529 313 580 ut
329 541 438 580 omnes
454 521 686 593 admirarentur,
700 521 732 580 in
746 540 822 580 unox
844 519 945 579 omine
957 528 1023 580 tan·

122 609 182 661 tam
198 621 261 660 esse
276 600 565 660 dissimilitudinem
575 611 698 679 tamque
708 601 860 662 diversam
869 608 1021 660 naturam.

160 679 203 740 II.
225 679 395 740 Educatus
410 689 457 740 est
470 680 503 739 in
516 680 605 740 domo
619 679 731 740 Pericli
747 679 921 759 (privignus
940 679 1021 740 enirn

121 761 182 840 ejus
209 759 307 820 fuisse
338 761 480 838 dicitur),
506 761 641 820 eruditus
665 781 684 821 a
705 760 837 820 Socrate
877 759 1020 820 Socerum
1054 761 1075 822 δ

120 839 228 900 habuit
250 840 483 921 Hipponicum,
498 841 634 900 omnium
648 840 767 901 Graeca
780 839 887 918 lingua
899 839 1022 920 loquen-

120 920 196 980 tium
225 921 430 994 ditissimum,
456 930 498 994 ut,
523 920 548 980 si
575 920 639 999 ipse
665 920 779 999 fingere
801 920 903 994 vellet,
924 940 1022 1000 neque

120 1000 210 1081 plura
230 999 319 1061 bona
342 1001 495 1061 reminisci
515 1009 613 1078 neq'ue
629 1000 745 1079 najora
758 1010 857 1080 posset
870 1001 1021 1082 consequi,

120 1100 212 1160 quam
226 1081 281 1142 vel
297 1090 415 1142 natura
428 1081 479 1143 vel
492 1080 615 1140 fortuna
629 1081 786 1141 tribuerat

160 1159 222 1222 ΙΠ.
246 1160 343 1222 Bello
358 1160 576 1240 Peloponnesio
591 1161 682 1241 hujus
703 1161 828 1222 consilio
845 1169 937 1242 atque
952 1162 1075 1224 auo-10

120 1241 245 1301 toritate
260 1240 470 1302 Athenienses
485 1240 599 1300 bellum
614 1241 813 1320 Syracusanis
825 1241 1020 1316 indixerunt3

122 1320 160 1380 ad
181 1321 268 1400 quod
292 1321 488 1401 gerendumi
554 1320 619 1380 dux
634 1321 767 1382 delectus
780 1332 841 1395 est;
862 1323 923 1383 duo
936 1343 1021 1402 prae·

121 1407 204 1460 terea
225 1401 369 1480 collegae
391 1401 465 1475 dati,
518 1401 591 1462 iciaa
614 1410 645 1462 et
668 1401 850 1463 Lamachus
890 1401 929 1463 Id
950 1424 1020 1464 cum

122 1491 341 1559 appararetur,
353 1481 437 1560 prius
446 1502 537 1560 quam
549 1481 651 1542 classis
664 1483 771 1558 exiret,
780 1483 900 1557 accidit,
908 1492 944 1544 ut
959 1503 1021 1543 una

122 1570 210 1621 nocte
232 1582 343 1622 omnes
363 1560 507 1634 Hermae,
522 1562 575 1641 qui
595 1563 629 1622 in
649 1563 760 1642 oppido
781 1572 868 1624 erant
880 1563 1019 1638 Athenis,
1035 1563 1074 1625 15

122 1640 342 1720 dejicerentur,
362 1650 483 1720 praeter
503 1663 608 1715 uuum,
630 1644 683 1722 qui
711 1652 783 1704 aute
805 1645 934 1723 januam
954 1657 1021 1706 erat

124 1719 295 1782 Andocidi.
338 1721 388 1782 Ita
409 1741 448 1781 ue
468 1720 521 1782 ille
541 1732 645 1802 postea
666 1723 836 1784 Mercurius
852 1725 1021 1786 Andocidis

123 1801 281 1864 vocitatus
302 1811 355 1862 est
431 1822 467 1862 oc
488 1823 557 1862 cum
578 1824 597 1864 a
619 1813 740 1882 pareret
753 1824 813 1865 non
830 1805 895 1865 sine
908 1825 1020 1884 magna

123 1882 299 1943 multorum
317 1883 510 1943 consensione
522 1904 584 1944 esse
597 1825 723 1950 lactum.
738 1885 819 1964 quod
832 1906 893 1945 non
906 1887 947 1946 ad
961 1886 1020 1965 pri-

125 1971 240 2038 vatam,
252 1963 308 2023 sed
322 1962 362 2022 ad
375 1962 530 2041 publicam
545 1984 608 2024 rem
619 1966 791 2044 pertineret,
803 1986 930 2046 magnus
943 1966 1020 2026 mul·
1034 1967 1074 2028 20

124 2042 254 2102 titudini
279 2043 370 2103 timor
393 2051 437 2102 est
459 2043 593 2121 injectus,
608 2065 647 2104 ue
668 2065 729 2123 qua
749 2047 907 2126 repentina
921 2046 966 2109 vis
986 2047 1019 2107 in

126 2122 254 2184 civitate
266 2122 430 2194 exsisteret,
442 2142 519 2200 quae
529 2123 702 2184 libertatem
712 2126 896 2204 opprimeret
905 2127 1020 2206 populi.

127 2200 197 2262 Hoc
225 2202 363 2262 maxime
390 2202 550 2264 convenire
577 2203 611 2263 in
633 2205 827 2267 Alcibiadem
848 2207 1020 2282 videbatur,

126 2283 208 2361 quod
224 2292 257 2343 ct
311 2282 422 2342 tentior
435 2291 465 2342 et
479 2285 576 2364 major
596 2306 690 2364 quam
709 2285 848 2365 privatus
868 2287 1020 2348 existima·

129 2360 228 2423 batur.
308 2361 388 2423 ultos
408 2363 489 2422 enim
510 2364 695 2426 liberalitate
714 2364 903 2442 devinxerat,
940 2368 1020 2429 lures
1034 2368 1074 2430 25

127 2443 221 2502 etiam
241 2463 334 2520 opera
351 2442 464 2520 forensi
484 2464 553 2504 suos
577 2446 759 2506 reddiderat
801 2448 906 2524 Quare
916 2389 1019 2523 lebat,

129 2531 163 2582 ut
183 2523 322 2582 omnium
342 2522 453 2596 oculos,
468 2524 714 2605 quotiescumque
731 2527 763 2586 in
779 2528 937 2606 publicum
953 2549 1020 2608 pro-

128 2601 230 2674 disset,
251 2602 291 2662 ad
310 2623 343 2662 se
363 2613 559 2677 converteret,
573 2626 673 2686 neque
689 2607 717 2666 ei
737 2627 794 2686 par
810 2609 970 2688 quisquam
986 2610 1020 2669 in

128 2681 255 2742 civitate
277 2692 447 2760 poneretur.
488 2683 597 2764 Itaque
618 2706 681 2747 non
704 2687 803 2747 solum
824 2710 908 2768 spem
930 2689 963 2749 in
984 2710 1019 2750 eo

129 2759 285 2822 habebant
311 2762 489 2837 maximam,
513 2765 566 2824 sed
594 2767 687 2827 etiam
715 2767 863 2842 timorem,
884 2769 966 2848 quod
988 2778 1020 2830 et
1033 2770 1073 2831 30

129 2841 231 2902 obesse
244 2841 412 2935 plurimum
426 2845 609 2984 etoprodesse
622 2855 750 2925 poterat.
790 2847 1020 2928 Aspergebatur

129 2922 222 2982 etiam
246 2922 382 2996 rufamia,
407 2944 449 3002 qu
513 2925 546 2983 in
570 2925 660 2986 domo
682 2948 738 2986 sua
759 2925 858 2988 facere
876 2930 1020 3008 mysteria

129 3002 288 3063 dicebatur
296 3024 311 3062 ε·
338 3003 420 3081 quod
454 3003 539 3064 nefas
565 3016 632 3066 erat
658 3028 741 3068 more
768 3007 1019 3083 Atheniensium

130 3082 221 3160 idque
235 3101 297 3141 non
310 3081 350 3141 ad
365 3081 552 3162 religionem,
566 3085 618 3144 sed
639 3088 679 3147 ad
700 3088 938 3168 conjurationem
953 3109 1019 3169 per-

130 3161 225 3220 tinere
239 3159 480 3224 existimabatur.
636 3219 639 3222 ,
1033 3167 1073 3228 35

168 3239 226 3302 IV.
248 3239 320 3300 Hoc
334 3241 461 3302 crimine
475 3243 508 3302 in
522 3245 665 3304 concione
682 3246 722 3306 ab
739 3246 871 3304 inimicis
891 3248 1020 3324 compel-

130 3318 260 3382 labatur.
303 3319 363 3380 Sed
387 3320 522 3382 instabat
546 3331 666 3400 tempus
689 3325 729 3382 ad
752 3324 870 3381 bellum
889 3325 1021 3397 proficis

131 3400 224 3460 cendi.
267 3398 307 3459 Id
328 3399 383 3459 ille
403 3400 534 3472 intuens,
548 3420 647 3476 neque
666 3401 808 3476 ignorans
826 3397 941 3455 civium
957 3417 1022 3454 suo-

130 3497 198 3538 rum
223 3478 485 3604 qonsqretudinem,
506 3478 691 3556 postulabat,
712 3477 738 3534 si
760 3474 835 3550 quid
858 3472 897 3527 de
918 3490 949 3527 se
972 3470 1023 3543 agi

253 3582 290 3592 -
321 3568 395 3617 epos.
