2475 3792
365 281 367 284 -
469 257 713 302 arsinoas.
1041 239 1082 304 al

175 407 218 472 H.
240 409 294 473 Ita
307 412 507 474 decemvirali
523 421 672 494 potestate
691 413 724 474 in
744 412 885 474 omnibus
904 412 1031 474 urbibus

136 491 310 567 constituta,
325 494 422 572 ipsius
435 502 514 554 nutu
526 495 629 555 omnia
642 495 834 573 gerebantur.
876 493 971 574 Cujus
990 493 1030 554 de

133 571 317 633 crudelitate
338 594 376 633 ae
396 573 524 652 perfidia
543 575 615 635 satis
636 584 681 634 est
702 596 796 635 unam
814 594 878 634 rem
894 594 982 634 exem
1005 574 1029 634 li

132 652 232 728 gratia
246 653 395 731 proferre,
409 675 449 714 ne
469 655 506 714 de
525 655 631 714 eodem
650 655 742 734 plura
759 654 964 715 enumerando
978 595 1027 714 de·

132 729 299 809 fatigemus
313 733 448 794 lectores.
490 733 599 795 Victor
611 755 651 794 ex
661 735 739 795 Asia
748 755 818 794 cum
828 744 1029 796 reverteretur
1062 733 1082 795 5

27 833 30 842 ‚
131 807 332 892 Thasumque
360 815 538 887 divertisset,
561 815 643 893 quod
670 835 707 874 ea
733 815 840 875 civitas
863 814 1028 955 praecipua
1093 843 1099 852 ·

131 888 190 950 fide
214 891 324 955 fuerat
346 913 419 972 erga
444 893 652 968 Athenienses,
677 895 804 973 proinde
827 915 863 954 ac
883 914 910 955 s1
934 894 957 954 ri
979 915 1027 954 em

130 969 302 1032 firmissimi
315 973 446 1034 solerent
459 994 521 1034 esse
534 975 634 1047 amici,
649 975 701 1053 qui
716 983 885 1034 constantes
901 973 1027 1035 fuissent

130 1050 261 1126 inimici,
288 1063 460 1132 pervertere
482 1055 549 1114 eam
573 1054 757 1134 concupivit
798 1054 889 1116 Vidit
914 1063 1026 1127 autem,

130 1131 189 1190 nisi
204 1133 238 1192 in
254 1153 292 1194 eo
307 1134 484 1194 occultasset
499 1135 698 1207 voluntatem,
711 1134 860 1206 futurum,
873 1144 909 1195 ut
922 1133 1026 1194 Thasii
1040 1134 1079 1196 10

130 1211 347 1273 dilaberentur
361 1214 609 1293 consulerentque
622 1214 712 1274 rebus
728 1215 798 1275 suis.
839 1213 986 1294 Itaque..
998 1261 1005 1276 .
1016 1260 1025 1276 .

171 1291 237 1356 III.
260 1294 307 1353 Hi
331 1295 562 1355 decemviralem
589 1316 677 1354 suam
704 1304 882 1374 potestatem
903 1294 943 1355 ab
970 1295 1025 1356 illo

131 1375 334 1434 constitutam
347 1375 541 1435 sustulerunt.
584 1375 655 1452 Quo
675 1375 779 1436 dolore
799 1376 936 1435 incensus
955 1375 1025 1436 iniit

131 1455 273 1528 consilia,
295 1475 376 1534 reges
397 1454 707 1516 Lacedaemoniorum
727 1455 841 1516 tollere.
882 1455 942 1516 Sed
960 1475 1024 1516 sen·

130 1533 242 1609 tiebat,
256 1534 290 1594 id
308 1555 340 1594 se
360 1535 423 1594 sine
437 1556 493 1614 ope
507 1536 632 1596 deorum
646 1536 745 1599 facere
760 1556 822 1596 non
835 1556 928 1615 posse,
943 1537 1024 1615 quod
1038 1537 1077 1600 15

15 1653 19 1662 ·
131 1611 371 1676 Iacedaemonii
379 1616 481 1676 omnia
492 1617 532 1676 ad
542 1616 667 1676 oracula
677 1616 788 1676 referre
796 1626 1023 1678 consueverant.

131 1693 277 1755 Primum
298 1695 482 1774 Delphicum
503 1717 694 1775 corrumpere
711 1706 758 1758 est
770 1706 903 1758 conatus.
944 1695 1023 1758 Cum

131 1773 165 1834 id
185 1797 250 1836 non
272 1775 426 1854 potuisset,
440 1776 601 1836 Dodonam
622 1778 746 1838 adortus
759 1786 811 1837 est.
854 1776 938 1837 Hinc
973 1798 1023 1837 uo-

131 1875 193 1934 que
222 1855 362 1935 repulsus
389 1855 477 1929 dixit,
502 1876 534 1917 se
557 1866 629 1918 vota
652 1858 823 1936 suscepisse,
846 1877 925 1937 quae
948 1798 1022 1920 dori

26 2001 28 2008 ¹
132 1933 306 1996 Hammoni
319 1935 458 2009 solveret,
472 1937 657 2010 existimans,
671 1959 702 1998 se
716 1938 810 1998 Afros
827 1937 947 1998 facilius
960 1959 1022 1998 cor·
1035 1937 1075 1998 20

132 2025 308 2095 rupturum.
349 2016 421 2077 Hac
433 2037 486 2095 spe
499 2038 568 2077 cum
582 2019 733 2096 profectus
747 2027 822 2078 esset
831 2017 863 2077 in
874 2017 1022 2093 Africam,

132 2097 268 2157 multum
282 2117 352 2157 eum
365 2097 514 2158 antistites
527 2097 615 2159 ‚Iovis
636 2099 816 2159 fefellerunt.
857 2098 940 2159 Nam
960 2120 1021 2159 non

133 2177 232 2236 solum
261 2177 414 2256 corrumpi
442 2198 503 2238 non
529 2187 703 2258 potuerunt,
724 2179 888 2240 sedetiam
908 2178 1022 2258 legatos

134 2255 366 2318 Lacedaemona
380 2258 534 2333 miserunt,
548 2259 603 2338 qui
624 2259 816 2339 Lysandrum
837 2269 1022 2333 accusarent,

133 2339 214 2416 quod
229 2339 398 2399 sacerdotes
412 2339 477 2398 fani
490 2360 683 2418 corrumpere
696 2349 822 2400 conatus
837 2349 921 2400 esset.
962 2338 1022 2400 Ac·
1035 2338 1074 2399 25

133 2427 255 2478 cusatus
269 2419 327 2478 hoc
342 2419 468 2485 crimine
476 2420 677 2499 judicumque
690 2420 846 2480 absolutus
858 2421 1022 2495 sententiis,

132 2497 345 2562 Orchomeniis
366 2499 473 2559 missus
493 2500 636 2573 subsidio,
650 2501 764 2562 occisus
781 2510 826 2562 est
839 2521 859 2560 a
871 2499 1022 2562 Thebanis

132 2579 217 2658 apud
228 2577 420 2641 Haliartum.
460 2579 564 2657 Quam
574 2601 646 2642 vere
655 2582 693 2641 de
706 2601 741 2641 eo
754 2581 832 2642 foret
840 2580 1022 2658 judicatum,

132 2659 232 2718 oratio
252 2659 365 2719 indicio
387 2659 455 2733 fuit,
469 2681 547 2740 quae
567 2670 635 2740 post
654 2672 782 2721 mortem
800 2661 833 2720 in
851 2662 941 2722 domo
958 2663 1022 2742 ejus

132 2748 255 2818 reperta
275 2748 328 2811 est,
350 2739 382 2798 in
403 2761 464 2818 qua
484 2742 591 2802 suadet
611 2742 867 2815 Lacedaemoniis,
881 2752 925 2815 ut,
939 2744 1022 2822 regia
1036 2740 1076 2802 30

155 2828 283 2880 otestate
308 2819 464 2894 dissoluta,
488 2842 527 2881 ex
551 2821 690 2882 omnibus
714 2822 779 2882 dux
802 2822 955 2901 deligatur
982 2823 1022 2882 ad

133 2840 250 2960 bellum
271 2900 457 2978 gerendum;
478 2902 530 2961 sed
550 2902 594 2961 ita
613 2902 734 2979 scripta,
748 2911 783 2962 ut
803 2902 928 2962 deorum
941 2902 1024 2964 vide-

134 2989 219 3040 retur
233 3000 289 3039 con
311 3000 399 3041 ruere
419 2981 592 3054 sententiae,
607 3001 699 3060 quam
720 2981 773 3041 ille
792 3002 824 3041 se
844 2980 1023 3042 habiturum

134 3060 264 3140 pecunia
287 3002 383 3120 sfidens
407 3081 467 3120 non
495 3061 664 3120 dubitabat
706 3059 798 3121 Hanc
821 3062 849 3120 ei
872 3061 1024 3141 scripsisse

136 3138 228 3200 Cleon
243 3139 496 3200 Halicarnasseus
510 3141 629 3201 dicitur.
1036 3141 1077 3202 35

175 3219 232 3280 IV.
256 3219 361 3297 Atque
371 3219 428 3278 hoc
439 3219 504 3279 loco
515 3240 575 3279 non
586 3230 631 3279 est
640 3219 893 3297 praetereundum
907 3219 1022 3280 factum

136 3298 340 3370 Pharnabazi,
367 3299 496 3374 satrapis
523 3299 606 3375 regii.
649 3299 731 3355 Nam
758 3317 828 3355 oum
855 3297 1023 3370 Lysander,

137 3378 307 3456 praefectus
321 3376 432 3447 classis,
447 3377 479 3434 in
492 3375 574 3435 bello
588 3375 687 3432 multa
699 3373 861 3432 crudeliter
874 3388 1024 3442 avareque

138 3457 264 3528 lecisset,
279 3456 378 3532 deque
397 3454 445 3514 his
465 3453 555 3512 rebus
575 3452 776 3527 suspicaretur
796 3447 837 3505 ad
857 3446 937 3502 cives
956 3462 1025 3498 suos
