2475 3792
480 224 746 274 TIMO'I'HEUS·

327 591 475 666 XIII.
510 591 875 666 TIMOTHEUS.

501 755 716 798 -οοβοςοο-

189 873 218 937 Ι.
239 873 453 951 Tmornnua
477 875 608 938 Cononis
632 877 722 950 filius,
743 876 945 939 Atheniensis„
986 876 1050 939 Hic

150 976 171 1016 a
193 965 286 1035 patre
311 967 470 1036 acceptam
494 958 624 1037 gloriam
644 958 748 1018 multis
768 959 857 1019 auxit
876 957 1049 1020 virtutibus

151 1035 229 1098 Fuit
251 1038 337 1098 enim
357 1039 496 1111 disertus,
509 1039 648 1118 impiger,
662 1038 837 1111 laboriosus,
851 1039 895 1098 rei
908 1038 1050 1099 militaris

151 1118 273 1196 peritus
294 1138 394 1196 neque
415 1119 514 1178 minus
535 1119 668 1180 civitatis
682 1119 838 1196 regendae
879 1118 982 1180 Multa
995 1118 1049 1178 hu-

156 1197 208 1275 jus
229 1207 304 1258 sunt
325 1198 481 1278 praeclare
500 1198 590 1272 facta,
605 1199 656 1259 sed
671 1199 747 1258 haee
761 1198 894 1258 maxime
907 1198 1048 1260 illustria
1082 1187 1103 1248 5

156 1276 325 1357 Olynthios
338 1288 369 1338 et
383 1278 544 1358 Byzantios
559 1277 640 1338 bello
652 1277 780 1357 subegit
820 1278 946 1338 Samum
959 1279 1048 1358 cepit,

157 1357 190 1416 in
226 1378 268 1417 ua
282 1359 487 1437 oppugnanda
500 1359 654 1438 superiore
664 1358 743 1419 bello
753 1357 954 1420 Athenienses
964 1359 1049 1420 mille

158 1446 189 1498 ct
204 1379 340 1497 iuuenta
358 1438 475 1500 talenta
493 1448 747 1519 consumpserant.
788 1438 827 1498 Id
840 1439 893 1499 ille
905 1439 969 1499 sine
982 1438 1049 1500 ulla

181 1517 287 1578 ublica
307 1517 442 1596 impensa
455 1519 568 1599 populo
582 1520 722 1581 restituit
763 1517 919 1581 Adversus
937 1518 1048 1580 Cotum

158 1537 243 1658 iolla
264 1598 363 1677 gessit,
377 1598 417 1658 ab
437 1619 531 1679 eoque
543 1600 630 1661 mille
643 1610 673 1660 et
687 1601 818 1660 ducenta
835 1599 951 1660 talenta
986 1621 1048 1661 rae-
1062 1591 1102 1652 1⁰

158 1678 218 1739 dae
241 1677 275 1738 in
322 1678 458 1740 ublicum
481 1681 594 1743 retulit.
635 1680 781 1762 Cyzicum
801 1679 956 1740 obsidione
989 1680 1049 1740 'be-

158 1758 251 1820 ravit
327 1758 494 1820 riobarzani
508 1761 598 1821 simul
613 1781 683 1822 cum
692 1761 837 1841 Agesilao
851 1760 967 1821 auxilio
981 1781 1048 1839 pro-

158 1839 257 1900 fectus
278 1848 338 1899 est:
363 1859 462 1920 aquo
482 1861 553 1901 cum
573 1841 657 1904 Laco
676 1841 837 1922 pecuniam
856 1849 1048 1901 numeratam

157 1920 332 2000 accepisset,
346 1919 400 1982 ille
417 1921 497 1983 cives
517 1941 585 1982 suos
605 1941 679 2002 agro
699 1931 790 2002 atque
803 1921 930 1983 urbibus
943 1921 1048 2000 augeri

158 2000 271 2060 maluit
285 2021 377 2080 quam
391 2001 423 2061 id
437 2023 562 2076 sumere,
576 2003 662 2082 cujus
680 2013 799 2082 partem
816 2003 941 2063 domum
960 2021 1047 2062 suam
1062 1992 1101 2053 15

158 2080 239 2141 ferre
252 2090 360 2160 posset.
401 2081 510 2162 Itaque
523 2083 640 2163 accepit
653 2083 812 2145 Crithoten
824 2093 855 2144 et
868 2083 997 2143 Sestum.

200 2159 245 2221 Π.
266 2159 353 2223 Idem
367 2162 454 2224 classi
468 2163 637 2242 praefectus
657 2164 882 2226 circumvehens
901 2162 1048 2241 Pelopon·

157 2261 276 2314 nesum,
290 2241 461 2302 Lacohicen
474 2243 647 2322 populatus,
656 2243 780 2304 classem
794 2264 897 2304 eorum
910 2242 1030 2321 fugavit
1038 2263 1046 2315 ;

158 2322 326 2402 Corcyram
345 2321 403 2383 sub
423 2323 584 2401 imperium
598 2323 832 2384 Atheniensium
852 2323 983 2402 redegit3
1003 2343 1047 2383 so

158 2403 282 2482 ciosque
300 2402 383 2463 idem
402 2403 545 2483 adjunxit
564 2404 716 2483 Epirotas,
730 2403 931 2476 Athamanas,
951 2402 1047 2463 Chao·
1061 2394 1101 2454 20

157 2502 224 2558 nas,
237 2503 310 2544 omn
362 2503 401 2542 ue
421 2504 471 2544 eas
490 2493 601 2562 gentes,
616 2504 694 2562 qnae
707 2504 790 2543 mare
803 2483 882 2543 illud
898 2483 1045 2562 adjacent.

159 2562 232 2639 Quo
253 2563 334 2624 facto
404 2564 587 2623 cedaemonii
601 2565 640 2625 de
652 2565 772 2624 diutina
788 2563 978 2624 contentione
998 2562 1046 2621 de

159 2643 311 2718 stiterunt,
326 2652 357 2704 et
377 2663 431 2703 sua
451 2653 557 2723 sponte
570 2642 807 2704 Atheniensibus
824 2642 945 2722 imperii
957 2641 1047 2701 mari·

159 2723 229 2784 timi
249 2723 456 2804 principatum
476 2732 685 2785 concesserunt
695 2745 703 2796 ;
723 2744 828 2802 pacem
850 2744 889 2788 ue
908 2722 956 2782 his
975 2720 1047 2800 legi·

160 2802 217 2864 bus
237 2805 469 2878 constituerunt,
482 2815 517 2865 ut
530 2804 730 2865 Athenienses
743 2806 820 2864 mari
829 2746 926 2864 (Aunes
941 2810 1046 2863 essent.
1062 2793 1101 2854 25

160 2883 252 2960 Quae
271 2884 401 2946 victoria
421 2893 524 2945 tantae
544 2885 603 2944 fuit
623 2884 736 2944 Atticis
759 2884 902 2956 laetitiae,
922 2890 957 2942 ut
980 2890 1048 2942 tum

160 2965 296 3045 primum
319 2985 391 3024 arae
414 2965 487 3025 Paci
511 2964 633 3045 publice
659 2964 720 3024 sint
742 2965 841 3025 factae
864 2963 951 3042 eique
974 2963 1049 3021 deae

160 3043 308 3125 pulvinar
327 3045 367 3104 sit
387 3044 567 3104 institutum.
608 3044 703 3124 Cujus
726 3044 825 3104 laudis
846 3051 882 3103 111
903 3041 1049 3102 memoria

161 3135 307 3198 maneret,
328 3124 485 3184 Timotheo
508 3124 630 3202 publice
655 3134 787 3184 statuam
807 3125 840 3182 in
860 3122 925 3181 foro
945 3140 1050 3201 posue·

161 3215 243 3266 runt.
286 3204 351 3280 Qui
371 3204 465 3263 honos
485 3204 556 3263 huie
576 3204 631 3263 uni
651 3213 722 3262 ante
734 3204 767 3262 id
780 3212 899 3277 tempus
913 3199 1049 3275 contigit,
1064 3194 1103 3254 30

162 3294 206 3357 ut,
221 3304 292 3344 cum
306 3283 387 3360 patri
401 3283 532 3361 populus
545 3291 678 3340 statuam
690 3281 844 3357 posuisset,
854 3278 918 3334 filio
932 3293 1051 3360 quoque

163 3364 258 3424 daret.
301 3363 352 3438 Sic
371 3363 463 3440 juxta
483 3361 583 3438 posita
601 3378 704 3419 recens
723 3357 780 3414 filii
799 3362 933 3413 veterem
956 3357 1053 3426 patus

163 3442 326 3505 renovavit
338 3441 525 3504 memoriam.
