2475 3792
470 278 747 328 ALCIBIADES.
1060 264 1104 330 35

154 437 234 502 tiam
245 437 368 498 rediret
412 435 522 516 Itaque
535 445 654 516 tempus
668 436 732 516 ejus
745 433 945 497 interficiendi
958 457 1048 517 quae·

155 538 222 578 rere
242 518 453 578 instituerunt
494 517 531 577 Id
552 516 716 578 Alcibiadi.
732 514 847 577 diutius
871 517 963 577 celari
987 537 1048 577 non

118 647 122 654 .
155 598 274 680 potuit:
288 598 452 658 eratenim
466 617 502 657 ea
515 597 689 676 sagacitate,
703 605 739 656 ut
752 596 851 676 decipi
865 617 925 657 non
940 605 1047 676 posset,

179 676 336 738 raesertim
357 697 429 738 cum
452 677 587 737 animum
610 676 787 737 attendisset
807 677 848 737 ad
869 677 1047 738 cavendum.

155 699 268 838 ltaque
281 757 322 817 ad
336 757 577 836 Tissaphernem,
591 758 779 836 praelectum
799 757 877 836 regis
898 756 996 830 Darii,
1017 777 1048 817 se
1081 758 1101 818 5

155 838 297 900 contulit
338 837 433 916 cujus
447 858 516 896 cum
527 837 560 896 in
573 836 713 898 intimam
724 836 888 897 amicitiam
898 837 1048 930 pervenis-
1072 910 1076 917 Ι

156 927 211 991 set,
230 927 263 978 et
282 917 526 990 Atheniensium,
546 917 628 977 male
652 917 742 996 gestis
766 917 799 977 in
822 916 928 977 sieilm
949 917 1047 991 rebus,

156 1018 230 1078 opes
256 1017 417 1070 senescere,
445 1006 551 1058 contra
579 997 890 1057 lacedaemoniorum
916 1017 1048 1058 crescere

156 1079 294 1150 rideret3
322 1078 409 1137 initio
438 1077 508 1138 cnm
536 1077 685 1138 Pisandro
712 1086 858 1157 praetore,
885 1077 938 1158 qui
965 1077 1047 1157 apud

157 1158 287 1220 samum
296 1158 464 1219 exercitum
474 1157 614 1230 habebat,
627 1178 682 1236 per
692 1157 892 1218 internuntios
905 1157 1048 1238 colloqui·
1062 1159 1101 1227 10

156 1247 211 1300 tur
231 1239 321 1299 etde
341 1239 441 1298 reditu
464 1259 518 1299 suo
541 1238 615 1299 facit
637 1238 829 1298 mentionem.
871 1237 949 1298 Erat
967 1239 1048 1298 enim

157 1319 275 1392 eodem,
289 1339 350 1399 quo
363 1318 550 1392 Alcibiades,
572 1339 669 1392 sensu,
688 1337 728 1398 po
750 1317 795 1377 uli
815 1318 968 1398 potentiae
987 1337 1048 1378 non

156 1399 286 1472 amicus,
305 1408 336 1460 et
359 1419 377 1459 o
399 1399 542 1459 timatum
570 1399 680 1460 fautor.
754 1398 775 1458 b
803 1398 860 1458 hoc
887 1398 1048 1459 destitutus

156 1481 295 1562 primum
308 1500 364 1559 per
377 1420 657 1559 ThrasybulumL
679 1479 707 1539 ci
726 1478 833 1551 filium,
854 1477 893 1539 ab
913 1478 1048 1538 exercitu

156 1561 307 1641 recipitur
326 1568 507 1639 praetorque
527 1559 563 1620 fit
583 1580 644 1638 apu
686 1559 828 1632 Samum
848 1568 924 1638 post,
944 1558 1048 1618 suffra·
1062 1558 1101 1618 15

156 1651 253 1723 gante
276 1640 473 1713 Theramene,
493 1639 600 1720 populi
624 1640 699 1700 scito
723 1639 899 1712 restituitur,
962 1638 1048 1717 rique

156 1723 268 1784 absens
281 1720 409 1801 imperio
446 1720 597 1780 raeficitur
616 1719 709 1781 simul
723 1739 793 1780 cum
806 1659 997 1799 Thrasybiilo
1017 1728 1048 1779 et

156 1803 357 1866 Theramene
399 1741 522 1862 librum
543 1801 577 1860 in
598 1800 726 1880 imperio
745 1807 833 1860 tanta
852 1799 1048 1860 commutatio

157 1904 263 1946 rerum
287 1882 370 1943 facta
393 1890 447 1954 est,
467 1889 503 1942 ut
527 1880 769 1953 Lacedaemonii,
784 1880 842 1960 ‘qui
862 1879 954 1959 paulo
977 1887 1048 1940 ante

156 1966 289 2028 victores
303 1963 474 2043 viguerant,
489 1962 642 2042 perterriti
659 1981 765 2041 pacem
778 1968 922 2040 peterent.
963 1959 1048 2021 Victi
1062 1959 1101 2020 20

157 2045 241 2107 enim
255 2053 345 2105 erant
378 2044 492 2123 uinque
502 2042 625 2122 proeliis
639 2040 838 2114 terrestribus,
847 2038 945 2101 tribus
955 2059 1048 2101 nava·

158 2125 250 2198 libus,
264 2065 422 2203 inquibus
443 2123 587 2184 ducentas
608 2142 701 2183 naves
720 2120 857 2182 triremes
876 2121 1047 2193 amiserant,

159 2225 239 2287 quae
255 2215 364 2283 captae
377 2203 411 2263 in
424 2203 556 2264 hostium
570 2210 717 2266 venerant
737 2210 923 2281 potestatem.
963 2197 1048 2260 Alci-

158 2286 264 2348 biades
285 2283 378 2345 simul
398 2303 468 2346 cum
489 2284 611 2362 collegis
633 2290 785 2361 receperat
802 2279 930 2354 Ioniam,
944 2276 1048 2340 Helle

158 2376 313 2447 spontum‚
327 2363 441 2425 multas
463 2374 619 2444 praeterea
642 2361 732 2422 urbes
754 2361 903 2433 Graecas,
916 2380 993 2440 quae
1015 2359 1047 2418 in
1061 2358 1100 2420 25

159 2468 214 2508 ora
224 2447 301 2507 sitae
310 2453 383 2506 sunt
391 2444 493 2518 Asiae,
504 2465 634 2524 quarum
645 2449 858 2522 expugnarant
870 2440 1047 2518 complures,

159 2527 192 2588 in
206 2527 254 2588 his
269 2526 471 2607 Byzantium
492 2545 591 2604 neque
611 2524 712 2583 minus
731 2521 844 2582 multas
863 2519 987 2582 consilio
1007 2518 1047 2578 ad

158 2607 328 2669 amicitiam
356 2607 569 2679 ad'unxcrant,
594 2603 675 2683 quod
702 2602 734 2662 in
763 2610 865 2681 captos
888 2598 1048 2660 clementia

159 2688 284 2749 fuerant
295 2687 352 2749 usi.
392 2628 446 2746 lta
458 2685 572 2766 praeda
586 2683 695 2757 onusti,
707 2682 890 2762 locupletato
903 2677 1046 2752 exercitu,

159 2767 305 2830 maximis
318 2766 409 2828 rebus
422 2767 520 2846 gestis,
535 2765 673 2826 Athenas
686 2770 842 2826 venerunt
1061 2756 1101 2818 30

201 2847 271 2927 VI..
283 2847 344 2908 His
359 2868 429 2908 cum
442 2847 564 2908 obviam
579 2845 720 2905 universa
739 2842 845 2904 civitas
858 2840 891 2900 in
904 2839 1048 2900 Piraeum

160 2929 372 2999 descendisset,
386 2936 473 2988 tanta
493 2926 553 2986 fuit
573 2925 708 2985 omnium
730 2921 912 3001 exspectatio
931 2918 1048 2981 visendi

161 3009 345 3082 Alcibiadis,
371 3015 405 3066 ut
425 3006 466 3066 ad
487 3007 551 3085 ejus
572 3005 725 3065 triremem
746 3002 857 3081 vulgus
877 2998 1048 3068 conflueret,

162 3090 290 3170 proinde
317 3109 355 3148 ac
382 3086 407 3146 si
433 3085 513 3146 solus
540 3084 718 3145 advenisset
758 3081 809 3142 Sic
832 3081 913 3140 enim
936 3077 1048 3157 populo

163 3177 228 3231 erat
246 3175 434 3249 persuasum,
448 3175 478 3226 et
497 3164 639 3225 adversas
659 3161 825 3240 superiores
838 3169 868 3219 et
881 3165 1050 3238 praesentes
1063 3154 1103 3215 35

163 3250 311 3310 secundas
326 3267 373 3306 res
387 3244 528 3305 accidisse
542 3244 604 3320 ejus
623 3260 724 3318 opera
765 3239 874 3314 Itaque
887 3247 917 3296 et
929 3235 1050 3294 Siciliae

164 3329 310 3390 amissum
325 3334 356 3386 et
370 3321 680 3384 Lacedaemoniorum
692 3316 835 3377 victorias
852 3313 961 3387 culpae
980 3328 1051 3365 suae

164 3407 354 3476 tribuebant,
369 3402 450 3480 quod
463 3400 557 3460 talem
571 3397 674 3459 virum
688 3413 705 3451 e
718 3392 842 3450 civitate
860 3385 1053 3460 expulissent

166 3487 277 3566 Neque
304 3483 339 3544 id
365 3481 430 3542 sine
457 3494 549 3539 causa
575 3468 720 3534 arbitrari
742 3463 933 3526 videbantur.
972 3455 1056 3512 Nam
