2475 3792
483 258 700 308 nonanus.
1048 242 1092 308 85

133 405 206 470 haec
215 408 387 490 pabulum;
403 423 564 494 praeterea
575 414 689 475 cibaria
699 423 785 476 cocta
794 414 913 476 dierum
923 413 1036 488 decem,
1078 402 1085 416 ’

131 499 165 549 ut
186 512 280 569 quam
304 495 441 556 minime
462 495 548 555 fieret
561 495 640 573 ignis
658 496 690 554 in
714 496 826 556 eastris.
868 495 941 568 Iter,
954 495 1035 574 quod

132 567 272 644 habebat,
283 593 397 634 omnes
412 576 501 635 celat.
543 574 593 636 Sic
607 585 741 655 paratus,
756 596 816 654 qua
830 575 1034 650 constituerat,

129 649 343 728 proficiscitur.

168 729 230 791 IX.
253 731 440 795 Dimidium
464 735 527 796 fere
550 735 683 814 spatium
707 734 884 806 confecerat,
906 754 975 795 cum
994 756 1034 796 ex
1068 737 1088 797 5

129 807 213 870 fumo
224 822 406 874 castrorum
418 817 482 895 ejus
495 816 625 895 suspicio
636 816 732 876 allata
745 825 789 876 est
802 816 841 874 ad
856 815 1034 889 Eumenem,

129 888 245 950 hostem
268 895 534 975 appropinquare.
577 895 770 956 Conveniunt
789 896 897 968 duces3
918 897 1034 974 quaeri·

128 977 187 1042 tur,
202 973 281 1050 quid
305 994 390 1053 opus
412 975 452 1035 sit
473 976 562 1036 facto.
604 975 822 1054 Intelligebant
843 995 955 1048 omnes,
969 986 1032 1036 tarn

129 1049 268 1112 celeriter
291 1055 403 1134 copias
425 1056 558 1134 ipsorum
582 1055 720 1116 contrahi
744 1077 804 1115 non
826 1075 920 1135 posse,
940 1076 1032 1134 quam

128 1128 310 1210 Antigonus
335 1136 489 1196 affuturus
507 1135 677 1197 videbatur.
719 1135 782 1195 Hic
803 1135 943 1196 omnibus
962 1137 1086 1200 ritu-10

128 1207 277 1273 bentibus
292 1223 327 1276 et
342 1217 383 1276 de
397 1215 485 1276 rebus
498 1216 624 1276 summis
633 1215 870 1295 desperantibus,
881 1214 1032 1278 Eumenes

129 1290 181 1364 ait,
195 1291 221 1351 si
236 1294 434 1356 celeritatem
447 1296 545 1357 velint
562 1296 706 1356 adhibere
720 1305 750 1356 et
763 1296 912 1374 imperata
924 1296 1031 1370 facere,

130 1372 211 1449 quod
233 1384 312 1435 ante
327 1397 390 1436 non
404 1376 538 1449 fecerint,
552 1397 583 1436 se
602 1397 667 1436 rem
687 1376 908 1455 expediturum.
949 1375 1031 1436 Nam

131 1453 213 1529 quod
223 1453 341 1516 diebus
351 1457 484 1535 quinque
497 1456 590 1516 hostis
603 1457 744 1516 transisse
757 1465 863 1535 posset,
873 1476 904 1516 se
914 1455 1031 1516 effectu·

132 1551 211 1608 rum,
225 1543 264 1596 ut
285 1556 352 1596 non
371 1537 470 1596 minus
484 1537 610 1596 totidem
624 1537 742 1596 dierum
756 1536 853 1615 spatio
867 1537 1031 1598 retardare·
1045 1539 1084 1600 15

131 1619 200 1673 tur:
221 1635 327 1695 quare
340 1617 542 1690 circumirent,
555 1637 684 1696 suasque
697 1617 823 1697 quisque
841 1615 1030 1678 contraheret

134 1693 246 1772 copias.
291 1696 347 1757 Ad
360 1696 510 1776 Antigoni
531 1706 634 1758 autem
655 1697 869 1757 refrenandum
883 1697 1030 1777 impetum

134 1773 197 1834 tale
211 1777 300 1856 capit
314 1777 482 1838 consilium.
524 1777 629 1838 Certos
648 1778 743 1838 mittit
763 1777 898 1837 homines
911 1779 951 1839 ad
965 1778 1030 1837 infi-

135 1871 199 1914 mos
222 1866 353 1930 montes,
370 1857 423 1937 qui
444 1857 528 1919 obvii
549 1867 637 1918 erant
658 1857 760 1918 itineri
779 1857 1029 1932 adversariorum,

137 1931 245 2015 hisque
266 1939 430 2016 praecepit,
457 1946 492 1998 ut
519 1938 621 2018 prima
647 1947 743 2011 nocte,
767 1958 859 2017 quam
886 1937 1030 2000 latissime
1045 1942 1084 2005 20

137 2017 264 2092 possint,
278 2017 363 2096 ignes
384 2018 500 2078 faciant
521 2039 613 2098 quam
635 2019 784 2078 maximos
806 2027 897 2097 atque
914 2018 969 2078 hos
988 2039 1030 2078 se·

139 2097 242 2158 cunda
255 2097 363 2176 vigilia
377 2098 526 2172 minuant,
540 2099 631 2159 tertia
651 2099 829 2178 perexiguos
849 2098 978 2158 reddant
991 2107 1030 2172 et,

139 2176 317 2238 assimulata
338 2187 505 2238 castrorum
526 2178 749 2251 consuetudine,
769 2177 967 2256 suspicionem
987 2179 1031 2237 in·

144 2255 254 2334 jiciant
276 2257 423 2331 hostibus,
443 2259 491 2318 his
515 2258 587 2318 locis
608 2279 671 2319 esse
692 2268 791 2319 castra
811 2277 848 2318 ac
869 2258 907 2317 de
926 2278 1030 2317 eorum

141 2337 275 2400 adventu
289 2357 351 2398 esse
365 2339 631 2418 praenuntiatum
652 2339 791 2418 idemque
805 2346 924 2416 postera
943 2348 1030 2398 nocte
1045 2340 1084 2401 25

141 2416 262 2479 faciant.
305 2419 427 2495 Quibus
453 2419 636 2498 imperatum
662 2428 737 2491 erat,
760 2419 920 2496 diligenter
947 2438 1031 2497 prae·

142 2509 261 2580 ceptum
286 2507 404 2559 curant.
444 2497 627 2578 Antigonus,
651 2499 780 2559 tenebris
802 2497 924 2571 obortis,
947 2498 1030 2577 ignes

142 2581 351 2660 conspicatur;
372 2579 476 2652 credit,
491 2579 528 2640 de
547 2599 602 2640 suo
618 2579 753 2641 adventu
765 2598 828 2638 esse
840 2578 980 2638 auditum
999 2587 1030 2638 et

141 2661 329 2721 adversarios
340 2658 415 2719 illuc
424 2679 494 2719 suas
505 2661 689 2720 contraxisse
699 2659 808 2738 copias.
849 2657 953 2718 Mutat
962 2677 1030 2718 con·

142 2741 242 2800 silium
264 2748 304 2814 et,
318 2739 462 2819 quoniam
484 2739 689 2819 imprudentes
710 2738 824 2800 adoriri
845 2759 906 2797 non
922 2747 1029 2818 posset,
1044 2739 1085 2799 30
1113 2813 1117 2823 ι

142 2820 235 2882 flectit
248 2821 308 2880 iter
321 2838 411 2880 suum
431 2827 462 2880 et
482 2819 571 2879 illum
585 2821 757 2880 anfractum
771 2818 937 2898 longiorem
951 2819 1030 2897 copi-

142 2922 209 2962 osae
218 2901 289 2963 viae
303 2900 395 2980 capit,
406 2899 507 2979 ibique
520 2900 601 2960 diem
616 2920 711 2960 unum
724 2900 881 2980 opperitur
894 2898 934 2958 ad
948 2897 1030 2957 lassi-

143 2981 280 3042 tudinem
301 2980 467 3042 sedandam
488 2981 621 3040 militum
641 3001 677 3040 ac
700 2979 862 3040 reficienda
880 2979 1029 3058 jumenta,

142 3082 200 3141 quo
214 3061 379 3142 integriore
392 3060 526 3121 exercitu
541 3061 722 3121 decerneret.

180 3141 223 3202 X.
246 3141 311 3201 Hio
325 3139 476 3200 Eumenes
490 3141 637 3201 callidum
650 3141 862 3219 imperatorem
874 3137 950 3200 vicit
963 3157 1031 3197 eon·
1044 3133 1084 3196 35

142 3221 209 3282 silio
235 3221 481 3299 celeritatemque
508 3221 668 3299 impedivit
694 3221 771 3296 ejus;
804 3239 902 3295 neque
927 3227 1030 3276 tamen

142 3303 273 3363 multum
288 3300 423 3380 profecit.
463 3300 547 3360 Nam
566 3299 684 3359 invidia
703 3298 824 3365 ducum,
838 3316 908 3354 oum
921 3295 1031 3370 quibus

143 3393 213 3456 erat,
227 3381 417 3462 perfidiaque
437 3380 642 3440 Macedonum
654 3385 965 3459 veteranorumcum
985 3389 1032 3425 su-

142 3463 239 3543 perior
260 3462 377 3544 proelio
391 3460 580 3531 discessisset,
593 3455 750 3532 Antigono
764 3458 809 3508 eet
821 3449 948 3513 duilius,
962 3462 1032 3500 0111ss
