2475 3792
117 238 158 306 76
392 255 602 302 coenatu
633 254 827 302 narona.

169 413 318 494 praesidio
332 412 483 494 profectus
497 421 548 472 est.
590 411 672 471 Nam
687 432 756 471 cum
772 411 827 471 illo
841 410 977 485 venisset,
986 411 1000 491 j

169 494 340 573 Agesilaus,
348 493 452 553 multis
463 493 536 553 locis
546 492 736 571 expugnatis,
744 512 856 571 magna
866 500 931 552 erat
940 493 1063 571 praeda

170 575 291 654 potitus.
332 573 415 634 Laco
436 582 548 646 autem,
570 594 640 633 cum
660 573 777 635 videret
798 573 896 634 hostes
917 572 1063 651 equitatu

170 675 321 734 superare,
334 675 502 734 numquam
515 653 548 713 in
562 673 668 732 eampo
682 653 730 713 sui
742 653 814 713 fecit
826 661 1013 732 potestatem,
1023 661 1063 712 et

135 734 156 796 5
170 736 206 795 iis
214 735 287 795 loeis
295 755 421 796 manum
429 734 588 807 conseruit,
596 733 706 812 quibus
715 733 783 811 plus
792 733 943 812 pedestres
951 732 1063 812 copiae

169 816 315 878 valerent
343 814 467 894 Pepulit
476 835 555 892 ergo,
564 813 809 893 quotiescumque
819 833 991 892 congressus
1001 821 1061 886 est,

170 896 267 956 multo
289 896 416 975 majores
438 893 680 956 adversariorum
695 894 797 973 copias
817 902 848 953 et
867 893 910 954 sic
929 893 961 952 in
977 891 1063 953 Asia

170 985 307 1058 yersatus
320 985 373 1049 est,
386 984 422 1036 ut
435 975 570 1036 omnium
590 973 732 1053 opinione
745 974 843 1035 victor
857 973 1024 1033 duceretur.

211 1056 268 1118 IV.
290 1056 353 1116 Hic
367 1077 436 1116 cum
453 1056 519 1136 jam
536 1054 638 1114 animo
651 1054 849 1114 meditaretur
861 1053 1009 1133 proficisci
1022 1053 1061 1113 in

117 1137 157 1199 10
171 1137 277 1198 Persas
291 1145 322 1196 et
335 1137 434 1216 ipsum
445 1156 545 1215 regem
557 1134 681 1208 adoriri,
691 1134 817 1194 nuntius
830 1134 858 1193 ei
872 1133 961 1195 domo
971 1134 1062 1196 venit

170 1218 351 1296 ephororum
375 1217 476 1290 missu,
498 1215 612 1276 bellum
633 1213 832 1275 Athenienses
859 1222 889 1274 et
916 1213 1061 1275 Boeotios

170 1298 314 1358 indixisse
335 1296 597 1369 Lacedaemoniis;
619 1316 712 1375 quare
725 1295 828 1357 venire
843 1315 881 1355 ne
894 1295 1060 1355 dubitaret.

170 1378 209 1438 In
223 1379 280 1439 hoo
293 1398 354 1438 non
372 1377 473 1436 minus
488 1377 551 1457 ejus
572 1377 668 1455 pietas
687 1375 877 1455 suspicienda
898 1384 943 1436 est
963 1396 1060 1455 quam

170 1458 267 1520 virtus
289 1458 415 1518 bellica:
440 1457 501 1537 qui,
523 1478 591 1517 eum
612 1456 722 1518 victori
742 1465 890 1536 praeesset
910 1455 1060 1516 exercitui

116 1538 156 1599 15
170 1538 397 1617 maximamque
417 1536 541 1597 haberet
554 1537 698 1596 fiduciam
719 1536 804 1615 regni
824 1536 985 1596 Persarum
1006 1557 1060 1616 po·

169 1619 280 1693 tiundi,
313 1627 401 1679 tanta
434 1617 581 1678 modestia
615 1617 696 1677 dicto
724 1617 849 1677 audiens
876 1616 937 1677 fuit
965 1617 1060 1697 jussis

169 1699 340 1760 absentium
361 1698 604 1778 magistratuum,
618 1707 653 1758 ut
674 1697 700 1758 si
720 1697 859 1777 privatus
882 1697 915 1757 in
935 1697 1059 1758 comitio

170 1788 246 1841 esset
258 1778 394 1859 Spartae.
435 1778 528 1859 Cujus
543 1778 716 1858 exemplum
731 1777 849 1838 utinam
862 1778 1060 1857 imperatores

169 1859 265 1921 nostri
277 1860 362 1939 sequi
372 1859 551 1921 voluissentl
594 1858 654 1919 Sed
665 1858 739 1919 illuc
749 1858 914 1919 redeamus.
951 1857 1060 1936 Agesi-

116 1940 156 2001 20
170 1941 237 2001 laus
251 1940 477 2020 opulentissimo
492 1960 584 2018 regno
597 1938 773 2018 praeposuit
782 1938 895 1998 bonam
905 1938 1060 1998 existima·

168 2021 292 2094 tionem,
302 2020 459 2099 multoque
468 2019 626 2099 gloriosius
636 2019 735 2092 duxit,
745 2038 771 2078 sl
784 2028 930 2079 1nst1tut1s
939 2018 1059 2098 patriae

168 2101 326 2181 paruisset,
340 2100 470 2180 quamsi
484 2100 564 2160 bello
578 2108 747 2179 superasset
759 2097 875 2160 Asiam.
916 2099 988 2159 Hac
1003 2099 1059 2178 igi-

168 2190 220 2242 tur
243 2189 344 2241 mente
370 2179 604 2259 Hellespontum
633 2181 734 2259 copias
761 2180 888 2259 trajecit,
911 2188 1059 2258 tantaque

169 2282 241 2321 usus
251 2269 295 2321 est
304 2259 466 2334 eeleritate,
478 2269 522 2333 ut,
532 2261 614 2338 quod
628 2261 686 2321 iter
699 2261 820 2320 Xerxes
830 2281 911 2320 anno
920 2268 1059 2321 vertente

114 2341 155 2404 25
169 2341 345 2413 confecerat,
359 2340 409 2400 hic
429 2340 582 2400 transierit
601 2340 728 2418 triginta
741 2340 855 2400 diebus
896 2339 974 2402 Cum
990 2341 1058 2419 jam

168 2421 252 2481 haud
274 2421 318 2480 ita
339 2419 429 2498 longe
451 2420 568 2481 abesset
588 2421 845 2500 a‘Peloponneso,
868 2419 1009 2481 obsistere
1029 2420 1058 2481 ei

168 2501 269 2562 conati
289 2508 360 2560 sunt
372 2499 572 2561 Athenienses
593 2510 624 2562 et
646 2500 764 2562 Boeotii
785 2501 935 2580 ceterique
952 2521 1057 2562 eorum

168 2580 240 2641 socii
255 2579 337 2658 apud
347 2578 530 2642 Coroneam:
552 2601 627 2660 quos
637 2602 740 2642 omnes
749 2582 838 2662 gravi
847 2581 962 2660 proelio
971 2581 1056 2652 vicit.

169 2661 272 2740 Hujus
293 2659 437 2721 victoriae
456 2660 506 2723 vel
530 2661 667 2722 maxima
690 2661 750 2722 fuit
774 2660 850 2734 lana,
875 2663 1057 2741 quodcum

115 2741 155 2802 30
168 2740 305 2820 plerique
327 2759 367 2798 ex
388 2739 462 2819 fuga
483 2760 515 2800 se
534 2741 566 2800 in
583 2741 733 2821 templum
746 2742 905 2804 Minervae
919 2743 1057 2823 conjecis-

168 2828 243 2892 sent,
257 2828 510 2899 quaerereturque
531 2821 571 2881 ab
584 2841 629 2895 ec,
643 2822 717 2902 quid
738 2822 786 2882 his
805 2823 900 2884 vellet
912 2822 987 2896 fieri,
1000 2823 1057 2884 etsi

169 2899 286 2979 aliquot
298 2899 427 2961 vulnera
440 2910 598 2982 acceperat
618 2922 654 2963 eo
676 2902 791 2981 proelio
813 2912 844 2963 et
865 2902 961 2963 iratus
974 2903 1057 2964 vide-

169 2981 260 3041 batur
281 2979 429 3053 omnibus,
444 2981 497 3059 qui
518 2982 663 3044 adversus
681 3003 768 3042 arma
788 2983 933 3057 tulerant,
953 2992 1058 3044 tamen

168 3059 311 3120 antetulit
322 3059 385 3118 irae
394 3059 570 3138 religionem
581 3070 611 3122 et
621 3083 670 3122 eos
681 3063 779 3124 vetuit
788 3063 907 3125 violari.
948 3063 1058 3143 Neque

114 3139 155 3200 35
168 3159 240 3200 vero
254 3138 311 3197 hoc
324 3137 422 3196 solum
443 3139 474 3198 in
495 3139 625 3202 Graecia
645 3142 725 3215 fecit,
739 3152 775 3203 ut
794 3144 910 3221 templa
931 3144 1057 3205 deorum

168 3225 272 3278 sancta
286 3216 418 3289 haberet,
429 3218 481 3277 sed
495 3221 587 3279 etiam
601 3221 684 3299 apud
698 3222 842 3283 barbaros
856 3244 975 3283 summa
988 3223 1058 3283 reli-

167 3297 256 3374 gione
269 3295 370 3354 omnia
383 3296 546 3358 simulacra
565 3320 693 3380 arasque
706 3303 904 3363 conservavit
946 3302 1059 3382 Itaque

167 3373 371 3512 ppaedieabat,
397 3375 502 3435 mirari
528 3398 569 3450 se,
596 3399 657 3438 non
687 3381 902 3459 sacrilegorum
929 3403 1057 3444 numero

209 3452 282 3526 beri,
300 3453 353 3532 qui
373 3455 560 3534 supplicibus
581 3477 686 3517 eorum
707 3461 894 3535 nocuissent3
918 3470 1057 3524 autnon
1135 3523 1137 3527 ,
