2475 3792
141 252 182 314 12
408 268 621 316 cossam
651 268 844 317 carons.

191 423 397 504 locupletavit.
439 423 547 504 Neque
556 426 657 487 minus
671 427 703 486 in
717 447 753 487 ea
766 447 799 486 re
812 426 974 505 prudentia
984 447 1082 506 quam

190 505 335 565 felicitate
359 505 481 585 adjutus
506 515 558 566 est.
600 507 683 567 Nam
710 527 780 568 eum
803 507 918 568 virtute
943 507 1081 567 militum

189 585 347 646 devicisset
369 586 501 646 hostium
525 588 684 661 exercitus,
708 607 827 647 summa
853 586 1006 665 aequitate
1030 609 1082 648 ras

190 665 345 726 constituit
359 675 450 744 atque
465 666 529 744 ipse
542 667 656 726 ibidem
674 688 796 727 manere
814 666 956 728 decrevit
998 667 1081 729 Erat

156 745 269 806 henim
291 745 370 805 inter
390 767 439 806 eos
460 746 609 824 dignitate
629 748 722 826 regia,
737 747 876 826 quamvis
889 746 1012 807 carebat
1025 769 1080 808 no·

188 826 286 898 mine;
307 847 404 904 neque
418 827 449 886 id
464 827 560 905 magis
581 827 708 905 imperio
722 848 820 906 quam
835 826 966 906 justitia,
977 848 1079 889 conse·

188 915 283 966 cutus
326 906 432 985 Neque
447 927 481 966 eo
495 907 590 966 secius
600 905 845 980 Atheniensibus,
857 928 876 966 a
887 907 995 985 quibus
1010 917 1079 970 erat

187 986 348 1065 profectus,
368 986 467 1046 officia
491 987 673 1064 praestabat.
716 987 836 1064 Quibus
861 987 949 1046 rebus
972 987 1077 1062 fiebat,

187 1079 223 1126 ut
243 1087 304 1126 non
324 1067 423 1126 minus
445 1087 548 1127 eorum
566 1068 725 1129 voluntate
746 1077 891 1146 perpetuo
912 1067 1077 1146 imperium
1111 1100 1113 1104 ·

41 1147 43 1150 ’
134 1147 173 1208 10
187 1145 344 1219 obtineret,
359 1147 411 1225 qui
432 1147 584 1220 miserant,
605 1168 698 1226 quam
718 1148 851 1220 illorum,
873 1168 942 1206 cum
963 1148 1076 1226 quihus

186 1235 252 1286 erat
278 1227 437 1306 profectus.
488 1227 672 1288 Chersoneso
700 1227 756 1288 tali
783 1227 872 1288 modo
900 1228 1074 1302 constituta,

186 1305 338 1366 Lamnum
365 1307 528 1368 revertitur
551 1317 582 1368 et
605 1329 644 1368 ex
668 1318 757 1387 pacto
784 1307 927 1386 postulat,
951 1317 987 1368 ut
1013 1309 1074 1369 sibi

185 1387 291 1446 urbem
305 1387 436 1448 tradant
478 1387 532 1447 Illi
546 1389 627 1448 enim
638 1389 787 1461 dixerant,
799 1409 868 1449 cum
879 1397 970 1449 vento
981 1388 1074 1450 borea

186 1467 275 1527 domo
299 1468 450 1546 profectus
477 1489 512 1528 eo
536 1468 729 1546 pervenisset,
753 1489 816 1529 sese
842 1468 1013 1541 dedituros;
1039 1491 1073 1530 se

131 1549 171 1610 15
186 1557 287 1607 autem
308 1547 432 1607 domum
452 1547 628 1608 Chersonesi
648 1549 767 1610 habere.
809 1548 909 1622 (lares,
930 1548 984 1627 qui
1004 1558 1072 1610 tum

184 1627 335 1687 Lemnum
354 1627 534 1701 incolebant,
549 1628 605 1688 etsi
618 1638 738 1707 praeter
751 1629 924 1708 opinionem
938 1649 984 1689 res
997 1631 1072 1690 ceci·

183 1707 279 1780 derat,
293 1717 395 1767 tamen
409 1728 470 1768 non
484 1709 573 1780 dicto,
585 1709 637 1769 sed
650 1709 782 1770 secunda
796 1709 919 1769 fortuna
932 1709 1072 1771 adversa-

184 1786 298 1847 riorum
318 1787 408 1866 capti,
422 1788 557 1850 resistere
570 1790 637 1850 ausi
652 1809 712 1850 non
727 1799 798 1850 sunt
811 1798 903 1868 atque
916 1810 955 1849 ex
968 1790 1072 1852 insula

184 1867 399 1947 demigrarunt.
441 1865 513 1928 Pari
537 1868 683 1930 felicitate
706 1879 820 1930 ceteras
844 1870 967 1942 insulas,
991 1891 1071 1949 quae

129 1951 169 2012 20
182 1947 329 2088 tnglpdcs
345 1949 550 2024 nominantur,
564 1951 621 2013 sub
634 1950 869 2011 Atheniensium
888 1950 1005 2030 redegit
1017 1972 1071 2030 po

239 2050 257 2088 a
272 2049 327 2089 cm.

222 2107 282 2168 III.
304 2107 427 2168 Eisdem
446 2109 631 2189 temporibus
645 2110 807 2171 Persarum
822 2131 875 2171 rex
891 2110 1013 2184 Darius,
1028 2132 1070 2173 ex

179 2186 258 2249 Asia
277 2189 309 2248 in
330 2189 486 2267 Europam
507 2192 642 2251 exercitu
662 2192 796 2271 trajecto,
810 2191 931 2270 Scythis
951 2191 1069 2254 bellum

181 2269 292 2330 inferre
312 2270 454 2331 decrevit.
496 2271 625 2332 Pontem
648 2272 725 2348 fecit-
744 2273 776 2331 in
800 2272 908 2335 Histro
932 2271 1067 2347 flumine,
1160 2345 1164 2352 ¹

127 2353 166 2412 25
181 2370 241 2428 qua
255 2351 355 2429 copias
373 2350 552 2412 traduceret
594 2352 670 2430 Ejus
684 2352 792 2431 pontis,
807 2352 880 2412 dum
901 2351 965 2431 ipse
985 2352 1067 2414 ahes-

180 2440 233 2503 set,
248 2431 383 2490 custodes
398 2430 520 2509 reliquit
534 2432 693 2509 principes,
708 2453 782 2510 quos
801 2452 903 2491 secum
919 2452 959 2492 ex
977 2431 1067 2496 Ionia

180 2519 211 2569 et
224 2508 351 2569 Aeolide
366 2509 512 2581 duxerat;
528 2511 638 2589 quibus
652 2512 779 2589 singulis
793 2512 928 2590 ipsarum
941 2512 1066 2574 urbium

179 2599 325 2668 perpetua
339 2590 462 2650 dederat
476 2591 611 2669 imperia.
653 2591 703 2651 Sic
721 2592 802 2651 enim
820 2591 965 2652 facillime
978 2603 1066 2672 puta·

178 2669 224 2731 vit
238 2689 268 2729 se
282 2669 399 2729 Graeca
413 2670 519 2748 lingua
533 2671 697 2749 loquentes,
708 2673 761 2751 qui
771 2672 878 2732 Asiam
889 2672 1065 2748 incolerent,

126 2752 164 2813 30
178 2750 233 2809 sub
252 2770 306 2809 sua
325 2759 511 2811 retenturum
530 2760 685 2829 potestate,
699 2753 725 2812 si
745 2753 850 2812 amicis
869 2753 931 2813 suis
951 2754 1065 2832 oppida

178 2830 291 2889 tuenda
315 2830 495 2904 tradidisset,
519 2831 638 2912 quibua,
662 2853 694 2892 se
716 2853 865 2911 oppresso,
886 2833 973 2893 nulla
996 2855 1064 2912 spes

177 2910 282 2970 salutis
303 2910 530 2991 relinqueretur.
572 2911 610 2971 In
624 2913 681 2972 hoc
696 2913 755 2972 fuit
768 2923 834 2974 tum
848 2934 973 2974 numero
992 2913 1063 2974 Mil·

176 2991 281 3064 tiades,
296 2991 346 3051 cui
359 2991 414 3052 illa
428 2992 565 3065 custodia
578 2992 758 3054 crederetur.
800 2993 862 3053 Hic
876 3013 945 3053 cum
964 2994 1063 3054 crebri

176 3071 317 3130 afferrent
331 3071 439 3144 nuntii,
454 3072 533 3132 male
552 3093 615 3132 rem
634 3094 738 3152 gerere
756 3073 886 3133 Darium
905 3074 1062 3152 premique

123 3151 161 3210 35
176 3150 214 3210 ab
229 3151 356 3230 Scythis,
372 3151 527 3212 Miltiades
541 3153 679 3212 hortatus
692 3166 737 3212 est
750 3153 849 3232 pontis
864 3154 1009 3225 custodes,
1022 3174 1062 3214 ne

175 3251 194 3289 a
222 3231 343 3290 fortuna
370 3232 474 3292 datam
502 3233 687 3292 occasionem
715 3233 890 3292 liberandae
914 3232 1061 3293 Graeciae

175 3309 368 3371 dimitterent.
411 3311 492 3370 Nam
519 3312 544 3370 si
572 3333 642 3370 cum
666 3313 713 3370 his
737 3313 839 3390 copiis,
860 3332 935 3389 quas
957 3331 1059 3372 secum

172 3398 440 3469 transportaverat,
454 3391 603 3452 interisset
624 3391 747 3463 Darius,
763 3412 824 3450 non
845 3391 942 3450 solum
963 3391 1059 3450 Euro

172 3489 244 3549 pam
259 3471 323 3531 fore
337 3481 444 3544 tutam,
458 3472 510 3532 sed
524 3472 616 3532 etiam
631 3491 689 3543 eoS,
703 3472 756 3548 qui
769 3471 876 3530 Asiam
893 3470 1059 3532 incolerent
