2475 3792
447 247 724 297 sncmranns.
1041 231 1092 302 39Ι
1123 262 1127 268 -

134 429 234 471 casam
248 429 329 483 eam,
340 406 373 467 in
388 426 449 487 qua
459 405 640 486 quiescebat,
651 426 777 486 eamque
791 404 1027 477 succenderunt3

135 498 170 550 ut
188 489 333 550 incendio
353 487 543 561 conficerent,
563 509 654 567 quem
674 508 766 548 manu
787 485 924 566 superari
943 505 1029 566 posse

135 570 325 631 diffidebant
367 568 428 630 Ille
448 578 549 629 autem
569 577 604 628 ut
621 569 721 628 sonitu
735 568 878 628 flammae
891 575 935 627 est
949 566 1028 627 exci-

135 658 227 723 tatus,
248 650 305 710 etsi
327 649 448 728 gladius
470 650 496 710 ei
520 659 585 710 erat
606 649 781 721 subductus,
802 647 961 709 familiaris
980 646 1028 707 sui

135 730 280 791 subalare
300 729 396 790 telum
417 730 537 810 eripuit
579 729 721 808 Namque
740 739 805 789 erat
824 749 894 790 cum
910 748 945 789 eo
963 727 1028 808 qui-
1060 727 1081 788 δ

136 810 210 871 dam
234 831 275 870 ex
299 809 436 871 Arcadia
461 811 577 904 hospes,
601 811 655 890 qui
682 831 848 889 numquam
876 809 1028 869 discedere

136 892 288 954 voluerat.
330 891 425 952 Hunc
444 912 529 971 sequi
548 911 580 951 se
595 891 694 971 jubet,
709 901 739 952 et
755 890 787 949 id
825 889 884 948 uod
898 889 928 948 in
944 909 1028 968 prae

136 971 236 1032 sentia
252 972 501 1033 vestimentorum
521 971 589 1045 fuit,
606 971 745 1050 arripuit.
823 971 829 983 '
870 969 902 1029 in
926 970 1028 1050 ignem

136 1051 249 1131 ejectis,
264 1051 406 1112 flammae
419 1053 482 1114 vim
496 1052 625 1113 transiit.
669 1051 770 1129 Quem
787 1059 821 1111 ut
841 1050 962 1111 barbari
984 1051 1027 1109 in-

136 1131 282 1192 cendium
295 1131 433 1211 cffirgisse
445 1132 597 1206 viderunt,
612 1132 680 1193 telis
694 1131 811 1192 eminus
824 1130 921 1190 missis
939 1129 1028 1190 inter·
1042 1129 1081 1190 10

135 1212 277 1273 fecerunt
289 1221 442 1292 caputque
459 1213 523 1293 ejus
543 1212 583 1272 ad
600 1211 835 1272 Pharnabazum
850 1211 1027 1271 retulerunt

136 1292 184 1353 At
205 1293 325 1365 mulier,
339 1314 418 1373 quae
438 1313 508 1354 cum
528 1313 563 1354 co
580 1295 684 1354 vivere
705 1301 871 1364 consuerat,
886 1291 1028 1353 muliebri

135 1393 192 1433 sua
207 1383 290 1435 veste
310 1382 481 1434 contectum
502 1372 632 1434 aedificii
645 1372 785 1433 incendio
799 1381 953 1432 mortuum
967 1393 1028 1433 cre·

136 1453 245 1528 mavit,
281 1455 340 1515 uod
354 1454 394 1514 ad
410 1455 515 1517 vivum
534 1453 769 1514 interimendum
789 1462 855 1513 erat
874 1473 1028 1530 compara·

135 1543 214 1596 tum.
260 1475 319 1596 qSic
346 1534 522 1596 Alcibiades
556 1555 652 1594 annos
678 1534 799 1596 circiter
825 1531 1028 1614 quadraginta
1043 1533 1082 1594 15

136 1624 228 1676 natus
249 1615 331 1676 diem
351 1615 426 1676 obiit
444 1635 628 1695 supremum.

177 1695 240 1757 XI.
261 1696 357 1756 Hunc
370 1696 553 1758 infamatum
570 1717 589 1756 a
603 1695 756 1776 plerisque
776 1704 836 1756 tres
856 1692 1028 1774 gravissimi

136 1776 274 1837 historici
297 1776 423 1836 summis
446 1775 589 1837 laudibus
610 1778 804 1837 extulerunt:
825 1774 1026 1856 Thucydides,

136 1856 190 1936 qui
212 1857 347 1937 ejusdem
367 1856 474 1918 aetatis
494 1857 568 1930 fuit;
589 1857 811 1937 Theopompus,
846 1856 878 1915 ui
892 1864 960 1935 post
973 1855 1027 1916 ali·

136 1947 252 2017 quanto
270 1947 370 2011 natus,
384 1946 415 1999 et
428 1936 584 2010 Timaeus;
604 1938 659 2017 qui
679 1937 802 2017 quidem
822 1877 883 1997 duo
903 1934 1027 1995 maledi·
1041 1935 1081 1997 20

136 2017 310 2090 centissimi,
330 2017 430 2078 nescio
454 2037 514 2097 quo
538 2018 638 2091 modo,
658 2019 692 2078 in
712 2017 766 2078 illo
786 2036 847 2077 uno
871 2014 1026 2076 laudando

136 2097 336 2158 consciamnt
378 2097 519 2177 Namque
545 2119 591 2171 ea,
612 2118 691 2176 quae
714 2117 807 2177 supra
826 2095 970 2170 diximus,
989 2094 1027 2155 de

135 2197 171 2238 eo
191 2177 416 2257 praedicarunt,
437 2187 529 2257 atque
547 2178 605 2238 hoc
626 2178 771 2256 amplius:
796 2197 866 2237 cum
886 2175 1027 2249 Athenis,

135 2256 381 2337 splendidissima
394 2257 525 2330 civitate,
539 2265 631 2319 natus
650 2267 734 2330 esset,
747 2277 849 2317 omnes
867 2255 1026 2335 splendore

136 2357 172 2398 ac
185 2337 338 2417 dignitate
352 2357 506 2417 superasse
515 2338 616 2412 vitae;
629 2347 790 2418 postquam
799 2336 872 2398 inde
881 2337 1026 2417 expulsus
1040 2337 1081 2399 25

136 2416 256 2479 Thebas
281 2417 407 2490 venerit,
431 2418 506 2478 adeo
533 2418 644 2480 studiis
669 2437 773 2479 eorum
799 2417 966 2490 inservisse,
991 2427 1026 2479 ut

135 2519 225 2560 nemo
245 2517 317 2560 eum
337 2497 441 2558 labore
461 2499 654 2592 corporisque
670 2497 787 2560 viribus
807 2506 907 2576 posset
925 2497 1026 2577 aequi·

136 2599 246 2660 parare
261 2577 381 2654 (omnes
394 2579 475 2639 enim
489 2577 608 2640 Boeotir
624 2579 722 2657 magis
741 2577 878 2638 firmitati
893 2577 1025 2657 corporis

157 2681 229 2722 uam
253 2659 369 2739 ingenii
396 2659 529 2719 acumini
553 2659 756 2732 inserviunt);
784 2658 914 2719 eundem
942 2657 1025 2736 apud

137 2681 402 2812 lacedaemonios,
423 2759 552 2818 quorum
577 2739 710 2799 moribus
733 2759 853 2800 summa
873 2738 970 2801 virtus
992 2737 1025 2798 in
1039 2738 1078 2800 30

137 2820 286 2900 patientia
299 2819 477 2898 ponebatur,
491 2819 534 2880 sic
548 2819 680 2880 duritiae
698 2839 730 2880 se
745 2818 870 2891 dedisse,
884 2827 919 2879 ut
932 2818 1025 2896 parsi·

137 2901 239 2960 monia
267 2899 367 2961 victus
387 2908 485 2979 atque
512 2899 612 2960 cultus
640 2920 742 2960 omnes
769 2898 1025 2960 Lacedaemonios

137 2981 288 3053 vinceret;
310 2977 401 3040 fuisse
424 2979 507 3058 apud
530 2979 673 3052 Thracas,
696 2979 832 3041 homines
855 2978 1024 3041 vinolentos

137 3060 286 3139 rebusque
300 3059 433 3121 venereis
447 3059 580 3131 deditos;
601 3059 656 3120 hos
676 3080 795 3139 quoque
814 3059 847 3120 in
868 3058 915 3120 his
934 3058 1024 3120 rebus

138 3139 347 3211 antecessisse;
367 3139 483 3202 venisse
506 3139 547 3200 ad
571 3138 687 3210 Persas,
708 3140 791 3217 apud
812 3159 886 3218 quos
905 3158 1024 3200 summa
1038 3138 1087 3210 35„

138 3219 204 3280 laus
228 3229 305 3280 esset
329 3217 447 3280 fortiter
466 3219 581 3291 venari,
599 3219 754 3278 luxuriose
774 3219 894 3288 vivere;
914 3216 1023 3277 horum

138 3299 179 3360 sic
200 3299 356 3360 imitatum
377 3297 634 3367 consuetudinem,
648 3305 683 3355 ut
701 3295 748 3354 illi
765 3295 823 3371 ipsi
841 3295 959 3355 eumin
978 3294 1025 3352 his

139 3379 272 3438 maxime
296 3376 529 3436 admirarentur.
571 3373 692 3450 Quibus
716 3372 804 3430 rebus
824 3370 960 3436 effecisse,
981 3376 1025 3436 ut,

139 3457 221 3537 apud
230 3475 437 3535 quoscumque
446 3463 529 3524 esset,
538 3453 844 3534 princepsponcretur
853 3443 1025 3528 haberetur·

139 3558 197 3618 que
207 3534 389 3598 carissimus.
431 3533 491 3595 Sed
501 3531 573 3592 satis
584 3529 623 3588 de
632 3526 705 3596 boc;
720 3523 849 3598 reliquos
862 3518 1024 3577 ordiamur.
1038 3511 1080 3571 4⁰
