<?xml version="1.0" encoding="UTF-8"?>
<!DOCTYPE html PUBLIC "-//W3C//DTD XHTML 1.0 Transitional//EN"
    "http://www.w3.org/TR/xhtml1/DTD/xhtml1-transitional.dtd">
<html xmlns="http://www.w3.org/1999/xhtml" xml:lang="en" lang="en">
 <head>
  <title>
</title>
<meta http-equiv="Content-Type" content="text/html;charset=utf-8" />
  <meta name='ocr-system' content='tesseract 3.04.00' />
  <meta name='ocr-capabilities' content='ocr_page ocr_carea ocr_par ocr_line ocrx_word'/>
</head>
<body>
  <div class='ocr_page' id='page_1' title='image "./corneliinepotis27nepogoog_0096.png"; bbox 0 0 2475 3792; ppageno 0'>
   <div class='ocr_carea' id='block_1_1' title="bbox 470 269 1086 335">
    <p class='ocr_par' dir='ltr' id='par_1_1' title="bbox 470 269 1086 335">
     <span class='ocr_line' id='line_1_1' title="bbox 470 269 1086 335; baseline -0.002 -1"><span class='ocrx_word' id='word_1_1' title='bbox 470 288 710 335; x_wconf 77' lang='lat' dir='ltr'>rruonnos.</span> <span class='ocrx_word' id='word_1_2' title='bbox 1047 269 1086 334; x_wconf 78' lang='lat'>91</span> 
     </span>
    </p>
   </div>
   <div class='ocr_carea' id='block_1_2' title="bbox 127 441 1141 2290">
    <p class='ocr_par' dir='ltr' id='par_1_2' title="bbox 127 441 1141 2290">
     <span class='ocr_line' id='line_1_2' title="bbox 127 441 1035 523; baseline -0.003 -17"><span class='ocrx_word' id='word_1_3' title='bbox 127 444 262 507; x_wconf 85' lang='lat' dir='ltr'>civium</span> <span class='ocrx_word' id='word_1_4' title='bbox 288 445 459 506; x_wconf 85' lang='lat' dir='ltr'>libertatem</span> <span class='ocrx_word' id='word_1_5' title='bbox 481 445 584 505; x_wconf 87' lang='lat' dir='ltr'>fratris</span> <span class='ocrx_word' id='word_1_6' title='bbox 608 443 711 518; x_wconf 89' lang='lat' dir='ltr'>saluti,</span> <span class='ocrx_word' id='word_1_7' title='bbox 735 453 766 504; x_wconf 91' lang='lat' dir='ltr'>et</span> <span class='ocrx_word' id='word_1_8' title='bbox 789 464 894 523; x_wconf 88' lang='lat' dir='ltr'>parere</span> <span class='ocrx_word' id='word_1_9' title='bbox 918 441 1035 522; x_wconf 83' lang='lat' dir='ltr'>legibus</span> 
     </span>
     <span class='ocr_line' id='line_1_3' title="bbox 129 524 1035 605; baseline -0.001 -20"><span class='ocrx_word' id='word_1_10' title='bbox 129 546 242 605; x_wconf 86' lang='lat' dir='ltr'>quam</span> <span class='ocrx_word' id='word_1_11' title='bbox 261 527 407 604; x_wconf 88' lang='lat' dir='ltr'>imperare</span> <span class='ocrx_word' id='word_1_12' title='bbox 428 527 554 604; x_wconf 86' lang='lat' dir='ltr'>patriae,</span> <span class='ocrx_word' id='word_1_13' title='bbox 568 526 664 585; x_wconf 90' lang='lat' dir='ltr'>satius</span> <span class='ocrx_word' id='word_1_14' title='bbox 678 524 808 585; x_wconf 87' lang='lat' dir='ltr'>duxerit.</span> <span class='ocrx_word' id='word_1_15' title='bbox 850 524 921 584; x_wconf 88' lang='lat' dir='ltr'>Hac</span> <span class='ocrx_word' id='word_1_16' title='bbox 935 533 1035 584; x_wconf 82' lang='lat' dir='ltr'>mente</span> 
     </span>
     <span class='ocr_line' id='line_1_4' title="bbox 128 605 1033 686; baseline -0.003 -21"><span class='ocrx_word' id='word_1_17' title='bbox 128 625 206 686; x_wconf 85' lang='lat' dir='ltr'>per</span> <span class='ocrx_word' id='word_1_18' title='bbox 219 607 403 684; x_wconf 80' lang='lat' dir='ltr'><strong>haruspicem</strong></span> <span class='ocrx_word' id='word_1_19' title='bbox 418 625 669 684; x_wconf 83' lang='lat' dir='ltr'>communemque</span> <span class='ocrx_word' id='word_1_20' title='bbox 684 605 813 678; x_wconf 89' lang='lat' dir='ltr'>affinem,</span> <span class='ocrx_word' id='word_1_21' title='bbox 828 605 877 665; x_wconf 92' lang='lat' dir='ltr'>cui</span> <span class='ocrx_word' id='word_1_22' title='bbox 897 624 981 665; x_wconf 92' lang='lat' dir='ltr'>soror</span> <span class='ocrx_word' id='word_1_23' title='bbox 994 624 1033 662; x_wconf 86' lang='lat' dir='ltr'>ex</span> 
     </span>
     <span class='ocr_line' id='line_1_5' title="bbox 130 685 1033 764; baseline -0.004 -18"><span class='ocrx_word' id='word_1_24' title='bbox 130 687 258 746; x_wconf 84' lang='lat' dir='ltr'>eisdem</span> <span class='ocrx_word' id='word_1_25' title='bbox 269 685 444 764; x_wconf 89' lang='lat' dir='ltr'>parentibus</span> <span class='ocrx_word' id='word_1_26' title='bbox 454 695 527 746; x_wconf 89' lang='lat' dir='ltr'>nata</span> <span class='ocrx_word' id='word_1_27' title='bbox 537 694 635 764; x_wconf 89' lang='lat' dir='ltr'>nupta</span> <span class='ocrx_word' id='word_1_28' title='bbox 645 695 719 755; x_wconf 82' lang='lat' dir='ltr'>erat,</span> <span class='ocrx_word' id='word_1_29' title='bbox 730 685 855 745; x_wconf 85' lang='lat' dir='ltr'>fratrem</span> <span class='ocrx_word' id='word_1_30' title='bbox 869 694 1033 764; x_wconf 85' lang='lat' dir='ltr'>tyrannum</span> 
     </span>
     <span class='ocr_line' id='line_1_6' title="bbox 131 763 1087 844; baseline -0.003 -18"><span class='ocrx_word' id='word_1_31' title='bbox 131 766 387 826; x_wconf 87' lang='lat' dir='ltr'>interficiendum</span> <span class='ocrx_word' id='word_1_32' title='bbox 401 766 529 826; x_wconf 86' lang='lat' dir='ltr'>curavit.</span> <span class='ocrx_word' id='word_1_33' title='bbox 570 765 640 844; x_wconf 86' lang='lat' dir='ltr'>Ipse</span> <span class='ocrx_word' id='word_1_34' title='bbox 654 784 715 825; x_wconf 92' lang='lat' dir='ltr'>non</span> <span class='ocrx_word' id='word_1_35' title='bbox 736 766 825 824; x_wconf 95' lang='lat' dir='ltr'>modo</span> <span class='ocrx_word' id='word_1_36' title='bbox 845 785 953 824; x_wconf 89' lang='lat' dir='ltr'>manus</span> <span class='ocrx_word' id='word_1_37' title='bbox 973 785 1033 824; x_wconf 94' lang='lat' dir='ltr'>non</span> <span class='ocrx_word' id='word_1_38' title='bbox 1068 763 1087 823; x_wconf 80' lang='grc'><strong>5</strong></span> 
     </span>
     <span class='ocr_line' id='line_1_7' title="bbox 134 845 1032 924; baseline -0.004 -18"><span class='ocrx_word' id='word_1_39' title='bbox 134 846 260 919; x_wconf 82' lang='lat' dir='ltr'>attulit,</span> <span class='ocrx_word' id='word_1_40' title='bbox 273 846 325 906; x_wconf 88' lang='lat' dir='ltr'>sed</span> <span class='ocrx_word' id='word_1_41' title='bbox 339 866 377 905; x_wconf 85' lang='lat' dir='ltr'>ne</span> <span class='ocrx_word' id='word_1_42' title='bbox 392 846 524 924; x_wconf 81' lang='lat' dir='ltr'>aspicere</span> <span class='ocrx_word' id='word_1_43' title='bbox 537 846 660 924; x_wconf 93' lang='lat' dir='ltr'>quidem</span> <span class='ocrx_word' id='word_1_44' title='bbox 674 845 842 905; x_wconf 83' lang='lat' dir='ltr'>fraternum</span> <span class='ocrx_word' id='word_1_45' title='bbox 856 845 1032 922; x_wconf 85' lang='lat' dir='ltr'>sanguinem</span> 
     </span>
     <span class='ocr_line' id='line_1_8' title="bbox 136 925 1033 1004; baseline -0.004 -16"><span class='ocrx_word' id='word_1_46' title='bbox 136 927 253 988; x_wconf 84' lang='lat' dir='ltr'>voluit.</span> <span class='ocrx_word' id='word_1_47' title='bbox 294 925 386 998; x_wconf 91' lang='lat' dir='ltr'>Nam,</span> <span class='ocrx_word' id='word_1_48' title='bbox 400 926 474 985; x_wconf 93' lang='lat' dir='ltr'>dum</span> <span class='ocrx_word' id='word_1_49' title='bbox 491 946 537 985; x_wconf 89' lang='lat' dir='ltr'>res</span> <span class='ocrx_word' id='word_1_50' title='bbox 551 925 756 997; x_wconf 88' lang='lat' dir='ltr'>conficeretur,</span> <span class='ocrx_word' id='word_1_51' title='bbox 771 925 876 1004; x_wconf 90' lang='lat' dir='ltr'>procul</span> <span class='ocrx_word' id='word_1_52' title='bbox 898 925 929 983; x_wconf 91' lang='lat' dir='ltr'>in</span> <span class='ocrx_word' id='word_1_53' title='bbox 950 944 1033 1003; x_wconf 79' lang='lat' dir='ltr'>prae</span> 
     </span>
     <span class='ocr_line' id='line_1_9' title="bbox 139 1003 1033 1085; baseline -0.002 -18"><span class='ocrx_word' id='word_1_54' title='bbox 139 1007 222 1067; x_wconf 81' lang='lat' dir='ltr'>sidio</span> <span class='ocrx_word' id='word_1_55' title='bbox 244 1006 311 1079; x_wconf 84' lang='lat' dir='ltr'>fuit,</span> <span class='ocrx_word' id='word_1_56' title='bbox 334 1006 457 1085; x_wconf 90' lang='lat' dir='ltr'>nequis</span> <span class='ocrx_word' id='word_1_57' title='bbox 479 1005 599 1065; x_wconf 82' lang='lat' dir='ltr'>satelles</span> <span class='ocrx_word' id='word_1_58' title='bbox 621 1013 720 1085; x_wconf 89' lang='lat' dir='ltr'>posset</span> <span class='ocrx_word' id='word_1_59' title='bbox 740 1023 922 1065; x_wconf 89' lang='lat' dir='ltr'>succurrere.</span> <span class='ocrx_word' id='word_1_60' title='bbox 963 1003 1033 1065; x_wconf 89' lang='lat' dir='ltr'>Hoc</span> 
     </span>
     <span class='ocr_line' id='line_1_10' title="bbox 140 1083 1034 1166; baseline -0.002 -20"><span class='ocrx_word' id='word_1_61' title='bbox 140 1086 419 1166; x_wconf 87' lang='lat' dir='ltr'>praeclarissimum</span> <span class='ocrx_word' id='word_1_62' title='bbox 435 1085 497 1164; x_wconf 88' lang='lat' dir='ltr'>ejus</span> <span class='ocrx_word' id='word_1_63' title='bbox 510 1085 628 1145; x_wconf 84' lang='lat' dir='ltr'>facinus</span> <span class='ocrx_word' id='word_1_64' title='bbox 649 1106 709 1144; x_wconf 93' lang='lat' dir='ltr'>non</span> <span class='ocrx_word' id='word_1_65' title='bbox 730 1086 797 1165; x_wconf 92' lang='lat' dir='ltr'>pari</span> <span class='ocrx_word' id='word_1_66' title='bbox 817 1084 907 1144; x_wconf 92' lang='lat' dir='ltr'>modo</span> <span class='ocrx_word' id='word_1_67' title='bbox 928 1083 1034 1163; x_wconf 85' lang='lat' dir='ltr'>proba·</span> 
     </span>
     <span class='ocr_line' id='line_1_11' title="bbox 142 1163 1086 1227; baseline -0.002 0"><span class='ocrx_word' id='word_1_68' title='bbox 142 1176 210 1227; x_wconf 87' lang='lat' dir='ltr'>tum</span> <span class='ocrx_word' id='word_1_69' title='bbox 231 1175 277 1227; x_wconf 87' lang='lat' dir='ltr'>est</span> <span class='ocrx_word' id='word_1_70' title='bbox 290 1165 330 1226; x_wconf 92' lang='lat' dir='ltr'>ab</span> <span class='ocrx_word' id='word_1_71' title='bbox 344 1165 492 1227; x_wconf 89' lang='lat' dir='ltr'>omnibus.</span> <span class='ocrx_word' id='word_1_72' title='bbox 534 1164 685 1225; x_wconf 88' lang='lat' dir='ltr'>Nonnulli</span> <span class='ocrx_word' id='word_1_73' title='bbox 705 1167 785 1224; x_wconf 90' lang='lat' dir='ltr'>enim</span> <span class='ocrx_word' id='word_1_74' title='bbox 806 1165 918 1224; x_wconf 77' lang='lat' dir='ltr'>lassam</span> <span class='ocrx_word' id='word_1_75' title='bbox 938 1164 978 1224; x_wconf 90' lang='lat' dir='ltr'>ab</span> <span class='ocrx_word' id='word_1_76' title='bbox 998 1163 1086 1225; x_wconf 90' lang='lat' dir='ltr'>e010</span> 
     </span>
     <span class='ocr_line' id='line_1_12' title="bbox 166 1243 1033 1326; baseline -0.002 -20"><span class='ocrx_word' id='word_1_77' title='bbox 166 1248 289 1308; x_wconf 90' lang='lat' dir='ltr'>ietatem</span> <span class='ocrx_word' id='word_1_78' title='bbox 304 1245 463 1326; x_wconf 88' lang='lat' dir='ltr'>putabant,</span> <span class='ocrx_word' id='word_1_79' title='bbox 477 1254 507 1306; x_wconf 93' lang='lat' dir='ltr'>et</span> <span class='ocrx_word' id='word_1_80' title='bbox 521 1246 639 1307; x_wconf 87' lang='lat' dir='ltr'>invidia</span> <span class='ocrx_word' id='word_1_81' title='bbox 653 1245 773 1305; x_wconf 90' lang='lat' dir='ltr'>laudem</span> <span class='ocrx_word' id='word_1_82' title='bbox 788 1245 910 1307; x_wconf 84' lang='lat' dir='ltr'>virtutis</span> <span class='ocrx_word' id='word_1_83' title='bbox 920 1243 1033 1304; x_wconf 91' lang='lat' dir='ltr'>obtere-</span> 
     </span>
     <span class='ocr_line' id='line_1_13' title="bbox 144 1267 1033 1406; baseline -0.003 -19"><span class='ocrx_word' id='word_1_84' title='bbox 144 1267 227 1388; x_wconf 68' lang='lat' dir='ltr'>lant</span> <span class='ocrx_word' id='word_1_85' title='bbox 269 1326 372 1386; x_wconf 90' lang='lat' dir='ltr'>Mater</span> <span class='ocrx_word' id='word_1_86' title='bbox 385 1347 457 1388; x_wconf 85' lang='lat' dir='ltr'>vero</span> <span class='ocrx_word' id='word_1_87' title='bbox 470 1335 537 1406; x_wconf 90' lang='lat' dir='ltr'>post</span> <span class='ocrx_word' id='word_1_88' title='bbox 551 1326 583 1385; x_wconf 90' lang='lat' dir='ltr'>id</span> <span class='ocrx_word' id='word_1_89' title='bbox 597 1326 712 1405; x_wconf 77' lang='lat' dir='ltr'>factum</span> <span class='ocrx_word' id='word_1_90' title='bbox 733 1345 829 1404; x_wconf 90' lang='lat' dir='ltr'>neque</span> <span class='ocrx_word' id='word_1_91' title='bbox 849 1326 972 1385; x_wconf 91' lang='lat' dir='ltr'>domum</span> <span class='ocrx_word' id='word_1_92' title='bbox 993 1324 1033 1384; x_wconf 86' lang='lat' dir='ltr'>ad</span> 
     </span>
     <span class='ocr_line' id='line_1_14' title="bbox 144 1405 1033 1486; baseline -0.003 -19"><span class='ocrx_word' id='word_1_93' title='bbox 144 1427 174 1468; x_wconf 87' lang='lat' dir='ltr'>se</span> <span class='ocrx_word' id='word_1_94' title='bbox 183 1407 284 1467; x_wconf 91' lang='lat' dir='ltr'>filium</span> <span class='ocrx_word' id='word_1_95' title='bbox 295 1406 426 1479; x_wconf 90' lang='lat' dir='ltr'>admisit,</span> <span class='ocrx_word' id='word_1_96' title='bbox 437 1427 533 1486; x_wconf 90' lang='lat' dir='ltr'>neque</span> <span class='ocrx_word' id='word_1_97' title='bbox 544 1407 671 1484; x_wconf 80' lang='lat' dir='ltr'>aspexit,</span> <span class='ocrx_word' id='word_1_98' title='bbox 683 1407 756 1485; x_wconf 91' lang='lat' dir='ltr'>quin</span> <span class='ocrx_word' id='word_1_99' title='bbox 766 1426 836 1465; x_wconf 87' lang='lat' dir='ltr'>eum</span> <span class='ocrx_word' id='word_1_100' title='bbox 846 1405 1033 1464; x_wconf 79' lang='lat' dir='ltr'>fratricidam</span> 
     </span>
     <span class='ocr_line' id='line_1_15' title="bbox 144 1484 1033 1567; baseline -0.002 -20"><span class='ocrx_word' id='word_1_101' title='bbox 144 1489 335 1567; x_wconf 90' lang='lat' dir='ltr'>impiumque</span> <span class='ocrx_word' id='word_1_102' title='bbox 362 1488 510 1547; x_wconf 87' lang='lat' dir='ltr'>detestans</span> <span class='ocrx_word' id='word_1_103' title='bbox 545 1487 747 1565; x_wconf 86' lang='lat' dir='ltr'>compellaret.</span> <span class='ocrx_word' id='word_1_104' title='bbox 797 1485 918 1562; x_wconf 72' lang='lat' dir='ltr'>Quibus</span> <span class='ocrx_word' id='word_1_105' title='bbox 945 1484 1033 1545; x_wconf 92' lang='lat' dir='ltr'>rebus</span> 
     </span>
     <span class='ocr_line' id='line_1_16' title="bbox 143 1564 1086 1646; baseline -0.003 -18"><span class='ocrx_word' id='word_1_106' title='bbox 143 1569 220 1628; x_wconf 89' lang='lat' dir='ltr'>adeo</span> <span class='ocrx_word' id='word_1_107' title='bbox 235 1567 289 1627; x_wconf 86' lang='lat' dir='ltr'>illc</span> <span class='ocrx_word' id='word_1_108' title='bbox 303 1576 348 1628; x_wconf 80' lang='lat' dir='ltr'>est</span> <span class='ocrx_word' id='word_1_109' title='bbox 367 1577 541 1644; x_wconf 86' lang='lat' dir='ltr'>commotus,</span> <span class='ocrx_word' id='word_1_110' title='bbox 556 1576 590 1626; x_wconf 93' lang='lat' dir='ltr'>ut</span> <span class='ocrx_word' id='word_1_111' title='bbox 611 1587 828 1646; x_wconf 85' lang='lat' dir='ltr'>nonnunquam</span> <span class='ocrx_word' id='word_1_112' title='bbox 842 1565 924 1625; x_wconf 85' lang='lat' dir='ltr'>vitae</span> <span class='ocrx_word' id='word_1_113' title='bbox 942 1565 1032 1624; x_wconf 89' lang='lat' dir='ltr'>finem</span> <span class='ocrx_word' id='word_1_114' title='bbox 1048 1564 1086 1625; x_wconf 79' lang='lat'>15</span> 
     </span>
     <span class='ocr_line' id='line_1_17' title="bbox 142 1645 1034 1727; baseline -0.004 -19"><span class='ocrx_word' id='word_1_115' title='bbox 142 1648 245 1709; x_wconf 84' lang='lat' dir='ltr'>facere</span> <span class='ocrx_word' id='word_1_116' title='bbox 257 1648 390 1709; x_wconf 84' lang='lat' dir='ltr'>voluerit</span> <span class='ocrx_word' id='word_1_117' title='bbox 411 1658 503 1727; x_wconf 89' lang='lat' dir='ltr'>atque</span> <span class='ocrx_word' id='word_1_118' title='bbox 524 1668 563 1708; x_wconf 88' lang='lat' dir='ltr'>ex</span> <span class='ocrx_word' id='word_1_119' title='bbox 585 1648 773 1727; x_wconf 85' lang='lat' dir='ltr'>ingratorum</span> <span class='ocrx_word' id='word_1_120' title='bbox 794 1645 951 1706; x_wconf 93' lang='lat' dir='ltr'>hominum</span> <span class='ocrx_word' id='word_1_121' title='bbox 966 1666 1034 1706; x_wconf 92' lang='lat' dir='ltr'>con·</span> 
     </span>
     <span class='ocr_line' id='line_1_18' title="bbox 142 1729 1141 1808; baseline 0.006 -20"><span class='ocrx_word' id='word_1_122' title='bbox 142 1738 250 1808; x_wconf 86' lang='lat' dir='ltr'>spectu</span> <span class='ocrx_word' id='word_1_123' title='bbox 264 1737 362 1788; x_wconf 88' lang='lat' dir='ltr'>morte</span> <span class='ocrx_word' id='word_1_124' title='bbox 376 1729 525 1789; x_wconf 87' lang='lat' dir='ltr'>decedere.</span> <span class='ocrx_word' id='word_1_125' title='bbox 1137 1787 1141 1794; x_wconf 87' lang='lat'>.</span> 
     </span>
     <span class='ocr_line' id='line_1_19' title="bbox 184 1807 1033 1889; baseline -0.001 -21"><span class='ocrx_word' id='word_1_126' title='bbox 184 1808 230 1870; x_wconf 87' lang='grc' dir='ltr'>Π.</span> <span class='ocrx_word' id='word_1_127' title='bbox 250 1808 380 1868; x_wconf 89' lang='lat' dir='ltr'>Interim</span> <span class='ocrx_word' id='word_1_128' title='bbox 394 1809 493 1870; x_wconf 90' lang='lat' dir='ltr'>Dione</span> <span class='ocrx_word' id='word_1_129' title='bbox 513 1809 670 1889; x_wconf 83' lang='lat' dir='ltr'>Syracusis</span> <span class='ocrx_word' id='word_1_130' title='bbox 689 1808 855 1881; x_wconf 81' lang='lat' dir='ltr'>interfecto,</span> <span class='ocrx_word' id='word_1_131' title='bbox 869 1807 1033 1888; x_wconf 90' lang='lat' dir='ltr'>Dionysius</span> 
     </span>
     <span class='ocr_line' id='line_1_20' title="bbox 142 1888 1033 1969; baseline -0.004 -19"><span class='ocrx_word' id='word_1_132' title='bbox 142 1909 249 1950; x_wconf 91' lang='lat' dir='ltr'>rursus</span> <span class='ocrx_word' id='word_1_133' title='bbox 276 1889 494 1969; x_wconf 81' lang='lat' dir='ltr'>Syracusarum</span> <span class='ocrx_word' id='word_1_134' title='bbox 522 1891 636 1969; x_wconf 90' lang='lat' dir='ltr'>potitus</span> <span class='ocrx_word' id='word_1_135' title='bbox 663 1899 723 1961; x_wconf 81' lang='lat' dir='ltr'>sst;</span> <span class='ocrx_word' id='word_1_136' title='bbox 756 1891 842 1969; x_wconf 91' lang='lat' dir='ltr'>cujus</span> <span class='ocrx_word' id='word_1_137' title='bbox 868 1888 1033 1948; x_wconf 85' lang='lat' dir='ltr'>adversarii</span> 
     </span>
     <span class='ocr_line' id='line_1_21' title="bbox 142 1968 1086 2049; baseline -0.002 -18"><span class='ocrx_word' id='word_1_138' title='bbox 142 1991 234 2048; x_wconf 92' lang='lat' dir='ltr'>opem</span> <span class='ocrx_word' id='word_1_139' title='bbox 248 1990 268 2030; x_wconf 85' lang='lat' dir='ltr'>a</span> <span class='ocrx_word' id='word_1_140' title='bbox 282 1969 446 2030; x_wconf 82' lang='lat' dir='ltr'>Corinthiis</span> <span class='ocrx_word' id='word_1_141' title='bbox 466 1970 628 2049; x_wconf 90' lang='lat' dir='ltr'>petierunt,</span> <span class='ocrx_word' id='word_1_142' title='bbox 643 1970 817 2048; x_wconf 87' lang='lat' dir='ltr'>ducemque,</span> <span class='ocrx_word' id='word_1_143' title='bbox 832 1969 937 2049; x_wconf 91' lang='lat' dir='ltr'>quoin</span> <span class='ocrx_word' id='word_1_144' title='bbox 953 1968 1032 2029; x_wconf 95' lang='lat' dir='ltr'>bello</span> <span class='ocrx_word' id='word_1_145' title='bbox 1047 1969 1086 2029; x_wconf 80' lang='lat'>20</span> 
     </span>
     <span class='ocr_line' id='line_1_22' title="bbox 142 2049 1033 2128; baseline -0.002 -18"><span class='ocrx_word' id='word_1_146' title='bbox 142 2059 314 2123; x_wconf 80' lang='lat' dir='ltr'>uterentur,</span> <span class='ocrx_word' id='word_1_147' title='bbox 333 2050 534 2128; x_wconf 87' lang='lat' dir='ltr'>postularunt.</span> <span class='ocrx_word' id='word_1_148' title='bbox 575 2049 649 2110; x_wconf 90' lang='lat' dir='ltr'>Huc</span> <span class='ocrx_word' id='word_1_149' title='bbox 676 2049 832 2110; x_wconf 84' lang='lat' dir='ltr'>Timoleon</span> <span class='ocrx_word' id='word_1_150' title='bbox 860 2050 966 2109; x_wconf 90' lang='lat' dir='ltr'>missus</span> <span class='ocrx_word' id='word_1_151' title='bbox 991 2049 1033 2108; x_wconf 92' lang='lat' dir='ltr'>in·</span> 
     </span>
     <span class='ocr_line' id='line_1_23' title="bbox 143 2129 1031 2210; baseline 0 -20"><span class='ocrx_word' id='word_1_152' title='bbox 143 2130 284 2191; x_wconf 86' lang='lat' dir='ltr'>credibili</span> <span class='ocrx_word' id='word_1_153' title='bbox 308 2129 453 2190; x_wconf 87' lang='lat' dir='ltr'>felicitate</span> <span class='ocrx_word' id='word_1_154' title='bbox 476 2130 659 2210; x_wconf 91' lang='lat' dir='ltr'>Dionysium</span> <span class='ocrx_word' id='word_1_155' title='bbox 686 2140 750 2196; x_wconf 81' lang='lat' dir='ltr'>tota</span> <span class='ocrx_word' id='word_1_156' title='bbox 778 2130 882 2190; x_wconf 84' lang='lat' dir='ltr'>Sicilia</span> <span class='ocrx_word' id='word_1_157' title='bbox 906 2129 1031 2209; x_wconf 91' lang='lat' dir='ltr'>depulit.</span> 
     </span>
     <span class='ocr_line' id='line_1_24' title="bbox 143 2210 1032 2290; baseline -0.004 -19"><span class='ocrx_word' id='word_1_158' title='bbox 143 2210 224 2271; x_wconf 82' lang='lat' dir='ltr'>Cum</span> <span class='ocrx_word' id='word_1_159' title='bbox 237 2210 405 2270; x_wconf 88' lang='lat' dir='ltr'>interficere</span> <span class='ocrx_word' id='word_1_160' title='bbox 424 2219 531 2289; x_wconf 91' lang='lat' dir='ltr'>posset,</span> <span class='ocrx_word' id='word_1_161' title='bbox 545 2210 652 2284; x_wconf 90' lang='lat' dir='ltr'>noluit,</span> <span class='ocrx_word' id='word_1_162' title='bbox 666 2219 791 2290; x_wconf 85' lang='lat' dir='ltr'>tutoque</span> <span class='ocrx_word' id='word_1_163' title='bbox 804 2220 839 2270; x_wconf 93' lang='lat' dir='ltr'>ut</span> <span class='ocrx_word' id='word_1_164' title='bbox 852 2210 1032 2270; x_wconf 81' lang='lat' dir='ltr'>Corinthum</span> 
     </span>
    </p>
   </div>
   <div class='ocr_carea' id='block_1_3' title="bbox 143 2289 1086 2450">
    <p class='ocr_par' dir='ltr' id='par_1_3' title="bbox 143 2289 1086 2450">
     <span class='ocr_line' id='line_1_25' title="bbox 143 2289 1032 2370; baseline -0.004 -18"><span class='ocrx_word' id='word_1_165' title='bbox 143 2291 326 2370; x_wconf 82' lang='lat' dir='ltr'>perveniret,</span> <span class='ocrx_word' id='word_1_166' title='bbox 351 2291 464 2362; x_wconf 86' lang='lat' dir='ltr'>effecit;</span> <span class='ocrx_word' id='word_1_167' title='bbox 492 2291 572 2369; x_wconf 90' lang='lat' dir='ltr'>quod</span> <span class='ocrx_word' id='word_1_168' title='bbox 595 2300 793 2370; x_wconf 90' lang='lat' dir='ltr'>utrorumque</span> <span class='ocrx_word' id='word_1_169' title='bbox 817 2291 898 2350; x_wconf 92' lang='lat' dir='ltr'>Dion</span> <span class='ocrx_word' id='word_1_170' title='bbox 920 2289 1032 2349; x_wconf 91' lang='lat' dir='ltr'>siorum</span> 
     </span>
     <span class='ocr_line' id='line_1_26' title="bbox 144 2311 1086 2450; baseline -0.005 -18"><span class='ocrx_word' id='word_1_171' title='bbox 144 2371 253 2450; x_wconf 91' lang='lat' dir='ltr'>opibus</span> <span class='ocrx_word' id='word_1_172' title='bbox 267 2370 418 2431; x_wconf 82' lang='lat' dir='ltr'>Corinthii</span> <span class='ocrx_word' id='word_1_173' title='bbox 432 2391 520 2450; x_wconf 87' lang='lat' dir='ltr'>saepe</span> <span class='ocrx_word' id='word_1_174' title='bbox 533 2371 631 2450; x_wconf 87' lang='lat' dir='ltr'>adjuti</span> <span class='ocrx_word' id='word_1_175' title='bbox 650 2371 780 2444; x_wconf 89' lang='lat' dir='ltr'>fuerant,</span> <span class='ocrx_word' id='word_1_176' title='bbox 794 2372 879 2449; x_wconf 87' lang='lat' dir='ltr'>cujus</span> <span class='ocrx_word' id='word_1_177' title='bbox 899 2311 1033 2448; x_wconf 73' lang='lat' dir='ltr'>lenigni·</span> <span class='ocrx_word' id='word_1_178' title='bbox 1047 2366 1086 2427; x_wconf 82' lang='lat'>25</span> 
     </span>
    </p>
   </div>
   <div class='ocr_carea' id='block_1_4' title="bbox 143 2449 1116 3568">
    <p class='ocr_par' dir='ltr' id='par_1_4' title="bbox 143 2449 1116 2933">
     <span class='ocr_line' id='line_1_27' title="bbox 143 2449 1033 2530; baseline -0.006 -18"><span class='ocrx_word' id='word_1_179' title='bbox 143 2452 215 2512; x_wconf 82' lang='lat' dir='ltr'>tatis</span> <span class='ocrx_word' id='word_1_180' title='bbox 229 2451 406 2511; x_wconf 89' lang='lat' dir='ltr'>memoriam</span> <span class='ocrx_word' id='word_1_181' title='bbox 421 2450 543 2511; x_wconf 87' lang='lat' dir='ltr'>volebat</span> <span class='ocrx_word' id='word_1_182' title='bbox 559 2461 686 2524; x_wconf 84' lang='lat' dir='ltr'>exstare,</span> <span class='ocrx_word' id='word_1_183' title='bbox 700 2472 826 2529; x_wconf 86' lang='lat' dir='ltr'>eamque</span> <span class='ocrx_word' id='word_1_184' title='bbox 846 2449 1033 2530; x_wconf 88' lang='lat' dir='ltr'>praeclaram</span> 
     </span>
     <span class='ocr_line' id='line_1_28' title="bbox 143 2530 1033 2611; baseline -0.004 -19"><span class='ocrx_word' id='word_1_185' title='bbox 143 2531 302 2592; x_wconf 87' lang='lat' dir='ltr'>victoriam</span> <span class='ocrx_word' id='word_1_186' title='bbox 315 2531 453 2604; x_wconf 88' lang='lat' dir='ltr'>ducebat,</span> <span class='ocrx_word' id='word_1_187' title='bbox 465 2531 497 2590; x_wconf 93' lang='lat' dir='ltr'>in</span> <span class='ocrx_word' id='word_1_188' title='bbox 511 2553 571 2610; x_wconf 92' lang='lat' dir='ltr'>qua</span> <span class='ocrx_word' id='word_1_189' title='bbox 584 2533 654 2611; x_wconf 90' lang='lat' dir='ltr'>plus</span> <span class='ocrx_word' id='word_1_190' title='bbox 667 2542 742 2592; x_wconf 79' lang='lat' dir='ltr'>esset</span> <span class='ocrx_word' id='word_1_191' title='bbox 755 2530 931 2592; x_wconf 89' lang='lat' dir='ltr'>clementiae</span> <span class='ocrx_word' id='word_1_192' title='bbox 941 2549 1033 2608; x_wconf 91' lang='lat' dir='ltr'>quam</span> 
     </span>
     <span class='ocr_line' id='line_1_29' title="bbox 143 2611 1044 2691; baseline 0 -19"><span class='ocrx_word' id='word_1_193' title='bbox 143 2611 350 2683; x_wconf 85' lang='lat' dir='ltr'>crudelitatis;</span> <span class='ocrx_word' id='word_1_194' title='bbox 371 2620 530 2691; x_wconf 89' lang='lat' dir='ltr'>postremo,</span> <span class='ocrx_word' id='word_1_195' title='bbox 545 2621 580 2671; x_wconf 92' lang='lat' dir='ltr'>ut</span> <span class='ocrx_word' id='word_1_196' title='bbox 596 2634 657 2672; x_wconf 93' lang='lat' dir='ltr'>non</span> <span class='ocrx_word' id='word_1_197' title='bbox 670 2613 768 2673; x_wconf 90' lang='lat' dir='ltr'>solum</span> <span class='ocrx_word' id='word_1_198' title='bbox 782 2613 906 2672; x_wconf 88' lang='lat' dir='ltr'>auribus</span> <span class='ocrx_word' id='word_1_199' title='bbox 920 2612 1044 2690; x_wconf 77' lang='lat' dir='ltr'>accipc&#39;</span> 
     </span>
     <span class='ocr_line' id='line_1_30' title="bbox 143 2691 1116 2773; baseline 0.002 -23"><span class='ocrx_word' id='word_1_200' title='bbox 143 2701 235 2765; x_wconf 89' lang='lat' dir='ltr'>retur,</span> <span class='ocrx_word' id='word_1_201' title='bbox 246 2691 300 2752; x_wconf 89' lang='lat' dir='ltr'>sed</span> <span class='ocrx_word' id='word_1_202' title='bbox 313 2692 407 2751; x_wconf 91' lang='lat' dir='ltr'>etiam</span> <span class='ocrx_word' id='word_1_203' title='bbox 421 2691 516 2752; x_wconf 89' lang='lat' dir='ltr'>oculis</span> <span class='ocrx_word' id='word_1_204' title='bbox 529 2704 709 2766; x_wconf 86' lang='lat' dir='ltr'>cerneretur,</span> <span class='ocrx_word' id='word_1_205' title='bbox 720 2713 809 2773; x_wconf 92' lang='lat' dir='ltr'>quem</span> <span class='ocrx_word' id='word_1_206' title='bbox 823 2702 853 2753; x_wconf 90' lang='lat' dir='ltr'>ct</span> <span class='ocrx_word' id='word_1_207' title='bbox 866 2714 905 2752; x_wconf 87' lang='lat' dir='ltr'>ex</span> <span class='ocrx_word' id='word_1_208' title='bbox 919 2701 1033 2770; x_wconf 92' lang='lat' dir='ltr'>quanto</span> <span class='ocrx_word' id='word_1_209' title='bbox 1111 2693 1116 2700; x_wconf 80' lang='grc'>’</span> 
     </span>
     <span class='ocr_line' id='line_1_31' title="bbox 143 2769 1087 2851; baseline 0 -21"><span class='ocrx_word' id='word_1_210' title='bbox 143 2793 236 2850; x_wconf 86' lang='lat' dir='ltr'>regno</span> <span class='ocrx_word' id='word_1_211' title='bbox 250 2772 292 2832; x_wconf 88' lang='lat' dir='ltr'>ad</span> <span class='ocrx_word' id='word_1_212' title='bbox 306 2792 398 2851; x_wconf 91' lang='lat' dir='ltr'>quam</span> <span class='ocrx_word' id='word_1_213' title='bbox 412 2772 565 2832; x_wconf 90' lang='lat' dir='ltr'>fortunam</span> <span class='ocrx_word' id='word_1_214' title='bbox 580 2774 760 2834; x_wconf 89' lang='lat' dir='ltr'>detrusisset.</span> <span class='ocrx_word' id='word_1_215' title='bbox 803 2773 874 2834; x_wconf 90' lang='lat' dir='ltr'>Post</span> <span class='ocrx_word' id='word_1_216' title='bbox 893 2772 1033 2850; x_wconf 86' lang='lat' dir='ltr'>Dionysii</span> <span class='ocrx_word' id='word_1_217' title='bbox 1047 2769 1087 2831; x_wconf 81' lang='lat'>30</span> 
     </span>
     <span class='ocr_line' id='line_1_32' title="bbox 143 2852 1034 2933; baseline 0 -21"><span class='ocrx_word' id='word_1_218' title='bbox 143 2852 298 2912; x_wconf 86' lang='lat' dir='ltr'>decessum</span> <span class='ocrx_word' id='word_1_219' title='bbox 312 2872 383 2912; x_wconf 89' lang='lat' dir='ltr'>cum</span> <span class='ocrx_word' id='word_1_220' title='bbox 398 2852 511 2913; x_wconf 86' lang='lat' dir='ltr'>Hiceta</span> <span class='ocrx_word' id='word_1_221' title='bbox 523 2854 660 2927; x_wconf 87' lang='lat' dir='ltr'>bellavit,</span> <span class='ocrx_word' id='word_1_222' title='bbox 675 2854 728 2933; x_wconf 93' lang='lat' dir='ltr'>qui</span> <span class='ocrx_word' id='word_1_223' title='bbox 744 2854 920 2915; x_wconf 83' lang='lat' dir='ltr'>adversatus</span> <span class='ocrx_word' id='word_1_224' title='bbox 933 2852 1034 2912; x_wconf 87' lang='lat' dir='ltr'>fuerat</span> 
     </span>
    </p>

    <p class='ocr_par' dir='ltr' id='par_1_5' title="bbox 143 2931 1034 3014">
     <span class='ocr_line' id='line_1_33' title="bbox 143 2931 1034 3014; baseline -0.002 -22"><span class='ocrx_word' id='word_1_225' title='bbox 143 2932 227 2993; x_wconf 92' lang='lat' dir='ltr'>Dion</span> <span class='ocrx_word' id='word_1_226' title='bbox 248 2933 311 3005; x_wconf 89' lang='lat' dir='ltr'>sio;</span> <span class='ocrx_word' id='word_1_227' title='bbox 332 2953 423 3011; x_wconf 91' lang='lat' dir='ltr'>quem</span> <span class='ocrx_word' id='word_1_228' title='bbox 437 2954 497 2993; x_wconf 93' lang='lat' dir='ltr'>non</span> <span class='ocrx_word' id='word_1_229' title='bbox 511 2935 580 2994; x_wconf 89' lang='lat' dir='ltr'>odio</span> <span class='ocrx_word' id='word_1_230' title='bbox 601 2933 771 3014; x_wconf 89' lang='lat' dir='ltr'>tyrannidis</span> <span class='ocrx_word' id='word_1_231' title='bbox 791 2933 968 3003; x_wconf 82' lang='lat' dir='ltr'>dissensisse,</span> <span class='ocrx_word' id='word_1_232' title='bbox 982 2931 1034 2991; x_wconf 91' lang='lat' dir='ltr'>sed</span> 
     </span>
    </p>

    <p class='ocr_par' dir='ltr' id='par_1_6' title="bbox 143 2955 1034 3094">
     <span class='ocr_line' id='line_1_34' title="bbox 143 2955 1034 3094; baseline -0.001 -22"><span class='ocrx_word' id='word_1_233' title='bbox 143 2955 321 3092; x_wconf 76' lang='lat' dir='ltr'>cupiditate,</span> <span class='ocrx_word' id='word_1_234' title='bbox 336 3013 447 3074; x_wconf 91' lang='lat' dir='ltr'>indicio</span> <span class='ocrx_word' id='word_1_235' title='bbox 462 3013 528 3087; x_wconf 83' lang='lat' dir='ltr'>fuit,</span> <span class='ocrx_word' id='word_1_236' title='bbox 543 3015 624 3094; x_wconf 90' lang='lat' dir='ltr'>quod</span> <span class='ocrx_word' id='word_1_237' title='bbox 645 3015 654 3072; x_wconf 94' lang='lat' dir='ltr'>i</span> <span class='ocrx_word' id='word_1_238' title='bbox 677 3035 716 3086; x_wconf 87' lang='lat' dir='ltr'>se,</span> <span class='ocrx_word' id='word_1_239' title='bbox 731 3015 857 3093; x_wconf 87' lang='lat' dir='ltr'>expulso</span> <span class='ocrx_word' id='word_1_240' title='bbox 877 3013 959 3072; x_wconf 90' lang='lat' dir='ltr'>Dion</span> <span class='ocrx_word' id='word_1_241' title='bbox 981 3011 1034 3085; x_wconf 86' lang='lat' dir='ltr'>sio,</span> 
     </span>
    </p>

    <p class='ocr_par' dir='ltr' id='par_1_7' title="bbox 143 3031 1034 3172">
     <span class='ocr_line' id='line_1_35' title="bbox 143 3031 1034 3172; baseline -0.003 -20"><span class='ocrx_word' id='word_1_242' title='bbox 143 3093 307 3172; x_wconf 86' lang='lat' dir='ltr'>imperium</span> <span class='ocrx_word' id='word_1_243' title='bbox 322 3094 474 3153; x_wconf 88' lang='lat' dir='ltr'>dimittere</span> <span class='ocrx_word' id='word_1_244' title='bbox 487 3095 593 3154; x_wconf 90' lang='lat' dir='ltr'>noluit.</span> <span class='ocrx_word' id='word_1_245' title='bbox 635 3035 705 3154; x_wconf 65' lang='lat' dir='ltr'>lico</span> <span class='ocrx_word' id='word_1_246' title='bbox 718 3104 867 3172; x_wconf 84' lang='lat' dir='ltr'>superato,</span> <span class='ocrx_word' id='word_1_247' title='bbox 878 3031 1034 3151; x_wconf 84' lang='lat' dir='ltr'>Timoleon</span> 
     </span>
    </p>

    <p class='ocr_par' dir='ltr' id='par_1_8' title="bbox 143 3169 1088 3568">
     <span class='ocr_line' id='line_1_36' title="bbox 143 3169 1088 3252; baseline -0.004 -20"><span class='ocrx_word' id='word_1_248' title='bbox 143 3174 296 3233; x_wconf 86' lang='lat' dir='ltr'>maximas</span> <span class='ocrx_word' id='word_1_249' title='bbox 317 3174 419 3252; x_wconf 89' lang='lat' dir='ltr'>copias</span> <span class='ocrx_word' id='word_1_250' title='bbox 440 3174 737 3252; x_wconf 87' lang='lat' dir='ltr'>Carthaginiensium</span> <span class='ocrx_word' id='word_1_251' title='bbox 759 3175 840 3252; x_wconf 90' lang='lat' dir='ltr'>apud</span> <span class='ocrx_word' id='word_1_252' title='bbox 858 3170 1034 3233; x_wconf 84' lang='lat' dir='ltr'>Orimissum</span> <span class='ocrx_word' id='word_1_253' title='bbox 1049 3169 1088 3228; x_wconf 84' lang='lat'>35</span> 
     </span>
     <span class='ocr_line' id='line_1_37' title="bbox 143 3248 1036 3332; baseline -0.009 -20"><span class='ocrx_word' id='word_1_254' title='bbox 143 3253 258 3313; x_wconf 89' lang='lat' dir='ltr'>flumen</span> <span class='ocrx_word' id='word_1_255' title='bbox 273 3253 403 3332; x_wconf 84' lang='lat' dir='ltr'>fugavit,</span> <span class='ocrx_word' id='word_1_256' title='bbox 418 3274 454 3313; x_wconf 88' lang='lat' dir='ltr'>ac</span> <span class='ocrx_word' id='word_1_257' title='bbox 467 3254 539 3313; x_wconf 88' lang='lat' dir='ltr'>satis</span> <span class='ocrx_word' id='word_1_258' title='bbox 553 3254 665 3312; x_wconf 90' lang='lat' dir='ltr'>habere</span> <span class='ocrx_word' id='word_1_259' title='bbox 679 3253 784 3328; x_wconf 75' lang='lat' dir='ltr'>coegit,</span> <span class='ocrx_word' id='word_1_260' title='bbox 798 3253 823 3310; x_wconf 93' lang='lat' dir='ltr'>si</span> <span class='ocrx_word' id='word_1_261' title='bbox 837 3253 941 3308; x_wconf 87' lang='lat' dir='ltr'>liceret</span> <span class='ocrx_word' id='word_1_262' title='bbox 954 3248 1036 3305; x_wconf 86' lang='lat' dir='ltr'>Afri-</span> 
     </span>
     <span class='ocr_line' id='line_1_38' title="bbox 143 3324 1036 3412; baseline -0.012 -18"><span class='ocrx_word' id='word_1_263' title='bbox 143 3354 212 3394; x_wconf 86' lang='lat' dir='ltr'>cam</span> <span class='ocrx_word' id='word_1_264' title='bbox 226 3333 373 3406; x_wconf 85' lang='lat' dir='ltr'>obtinere,</span> <span class='ocrx_word' id='word_1_265' title='bbox 388 3333 439 3412; x_wconf 92' lang='lat' dir='ltr'>qui</span> <span class='ocrx_word' id='word_1_266' title='bbox 456 3334 520 3412; x_wconf 89' lang='lat' dir='ltr'>jam</span> <span class='ocrx_word' id='word_1_267' title='bbox 536 3331 705 3408; x_wconf 89' lang='lat' dir='ltr'>complures</span> <span class='ocrx_word' id='word_1_268' title='bbox 719 3349 812 3387; x_wconf 92' lang='lat' dir='ltr'>annos</span> <span class='ocrx_word' id='word_1_269' title='bbox 825 3324 1036 3404; x_wconf 76' lang='lat' dir='ltr'>possessionem</span> 
     </span>
     <span class='ocr_line' id='line_1_39' title="bbox 144 3399 1037 3490; baseline -0.017 -15"><span class='ocrx_word' id='word_1_270' title='bbox 144 3414 267 3475; x_wconf 85' lang='lat' dir='ltr'>Siciliae</span> <span class='ocrx_word' id='word_1_271' title='bbox 281 3413 434 3474; x_wconf 90' lang='lat' dir='ltr'>tenebant.</span> <span class='ocrx_word' id='word_1_272' title='bbox 476 3412 565 3490; x_wconf 83' lang='lat' dir='ltr'>Cepit</span> <span class='ocrx_word' id='word_1_273' title='bbox 579 3410 671 3468; x_wconf 86' lang='lat' dir='ltr'>etiam</span> <span class='ocrx_word' id='word_1_274' title='bbox 685 3407 883 3470; x_wconf 90' lang='lat' dir='ltr'>Mamercum,</span> <span class='ocrx_word' id='word_1_275' title='bbox 894 3399 1037 3486; x_wconf 66' lang='lat' dir='ltr'>Italicum</span> 
     </span>
     <span class='ocr_line' id='line_1_40' title="bbox 144 3482 1039 3568; baseline -0.032 -12"><span class='ocrx_word' id='word_1_276' title='bbox 144 3496 263 3568; x_wconf 90' lang='lat' dir='ltr'>ducem,</span> <span class='ocrx_word' id='word_1_277' title='bbox 277 3494 433 3553; x_wconf 92' lang='lat' dir='ltr'>hominem</span> <span class='ocrx_word' id='word_1_278' title='bbox 453 3490 632 3551; x_wconf 89' lang='lat' dir='ltr'>bellicosum</span> <span class='ocrx_word' id='word_1_279' title='bbox 645 3494 676 3542; x_wconf 89' lang='lat' dir='ltr'>et</span> <span class='ocrx_word' id='word_1_280' title='bbox 689 3491 851 3559; x_wconf 84' lang='lat' dir='ltr'>potentem,</span> <span class='ocrx_word' id='word_1_281' title='bbox 864 3494 917 3550; x_wconf 92' lang='lat' dir='ltr'>qu1</span> <span class='ocrx_word' id='word_1_282' title='bbox 937 3482 1039 3547; x_wconf 89' lang='lat' dir='ltr'>tyran-</span> 
     </span>
    </p>
   </div>
   <div class='ocr_carea' id='block_1_5' title="bbox 143 3539 1093 3655">
    <p class='ocr_par' dir='ltr' id='par_1_9' title="bbox 143 3539 1093 3655">
     <span class='ocr_line' id='line_1_41' title="bbox 143 3539 1093 3655; baseline -0.038 -17"><span class='ocrx_word' id='word_1_283' title='bbox 143 3596 198 3638; x_wconf 86' lang='lat' dir='ltr'>nos</span> <span class='ocrx_word' id='word_1_284' title='bbox 212 3575 356 3655; x_wconf 88' lang='lat' dir='ltr'>adjutum</span> <span class='ocrx_word' id='word_1_285' title='bbox 370 3572 403 3631; x_wconf 86' lang='lat' dir='ltr'>in</span> <span class='ocrx_word' id='word_1_286' title='bbox 416 3569 553 3632; x_wconf 88' lang='lat' dir='ltr'>Siciliam</span> <span class='ocrx_word' id='word_1_287' title='bbox 566 3570 701 3626; x_wconf 83' lang='lat' dir='ltr'>venerat</span> <span class='ocrx_word' id='word_1_288' title='bbox 1053 3539 1093 3628; x_wconf 93' lang='grc'>40</span> 
     </span>
    </p>
   </div>
   <div class='ocr_carea' id='block_1_6' title="bbox 0 0 1246 3792">
    <p class='ocr_par' dir='ltr' id='par_1_10' title="bbox 0 0 1246 3792">
     <span class='ocr_line' id='line_1_42' title="bbox 0 0 1246 3792; baseline 0 0"><span class='ocrx_word' id='word_1_289' title='bbox 0 0 1246 3792; x_wconf 95' lang='lat' dir='ltr'> </span> 
     </span>
    </p>
   </div>
  </div>
 </body>
</html>
