2475 3792
125 238 167 302 38
401 253 614 301 coannnrr
644 254 837 301 aarorrs.

178 432 210 472 se
229 432 322 493 supra
341 409 558 491 Propontidem
578 411 735 484 abdidit,s
757 432 844 472 erans
859 410 903 472 ibi
918 411 1067 474 facillime

178 512 265 552 suam
278 492 432 552 fortunam
446 491 544 552 occuli
554 511 648 572 posse.
689 491 737 552 Fa
782 538 790 553 .
831 491 1065 566 Nam'l'hraces,

178 579 337 652 postquam
361 591 431 632 eum
455 590 525 633 cum
549 590 662 652 magna
685 572 815 652 pecunia
834 573 951 634 venisse
970 593 1066 634 sense·

179 660 259 726 runt,
287 652 410 712 insidias
437 651 589 724 fecerunt3
617 652 671 732 qui
699 672 744 725 ea,
772 673 851 732 quae
877 662 1065 731 apportarat,

145 731 379 805 habstulcrunt,
409 732 509 812 ipsum
543 751 651 812 capere
683 752 746 792 non
779 741 951 812 potuerunt.
1007 733 1066 794 Ille

179 833 310 885 cernens,
321 812 441 872 nullum
452 812 553 872 locum
567 813 625 873 sibi
638 820 741 873 tutum
749 812 788 890 ‘in
802 812 932 873 Graecia
943 823 1067 892 propter

179 893 345 972 potentiam
372 891 691 967 lacedaemoniorum,
712 893 753 953 ad
775 892 1009 954 Pharnabazum
1033 894 1066 953 in

177 971 286 1032 Asiam
300 973 437 1045 transiit3
457 993 547 1052 quem
561 974 686 1052 quidem
702 973 779 1034 adeo
797 994 853 1034 sua
866 974 947 1053 cepit
960 974 1067 1035 huma·

177 1053 282 1127 nitate,
296 1062 331 1114 ut
344 1073 413 1113 eum
428 1073 516 1113 nemo
530 1053 562 1112 in
576 1053 712 1113 amicitia
731 1054 930 1115 antecederet
970 1053 1002 1114 N
1004 1075 1066 1114 am-

125 1132 165 1195 10
178 1153 237 1213 que
251 1133 278 1194 ci
292 1133 443 1213 Grynium
458 1133 583 1193 dederat
595 1133 629 1193 in
643 1133 779 1213 Phrygia
792 1143 933 1206 castrum,
947 1155 987 1194 ex
1006 1155 1066 1214 quo

178 1214 391 1293 quinquagena
411 1213 527 1274 talenta
547 1214 705 1293 vectigalis
726 1214 872 1293 capiebat.
915 1214 988 1290 Qua
1007 1219 1066 1276 for-

178 1303 254 1354 tuna
266 1293 443 1354 Alcibiades
463 1314 524 1354 non
545 1302 611 1354 erat
631 1303 798 1367 contentus,
815 1314 913 1373 neque
925 1295 1066 1356 Athenas

177 1374 275 1436 victas
298 1374 546 1436 Lacedaemoniis
568 1374 683 1436 servire
703 1384 822 1454 poterat
841 1375 914 1454 pati
956 1375 1067 1455 Itaque

177 1455 218 1515 ad
236 1455 367 1535 patriam
385 1454 575 1515 liberandam
596 1455 680 1515 omni
700 1454 853 1514 terebatur
873 1455 1063 1534 cogitatione

125 1537 164 1600 15
178 1533 237 1596 Sed
251 1534 384 1608 videbat,
398 1533 431 1594 id
450 1535 516 1595 sine
535 1556 605 1614 rege
625 1534 787 1595 Persarum
803 1555 864 1595 non
881 1556 966 1615 posse
982 1536 1065 1610 fieri3

177 1615 304 1695 ideoque
324 1635 392 1675 eum
413 1615 545 1675 amicum
566 1615 624 1676 sibi
645 1614 787 1694 cupiebat
802 1615 947 1695 adjungi3
966 1636 1066 1697 neque

178 1695 347 1769 dubitabat,
362 1695 451 1756 facile
465 1715 496 1756 se
510 1695 789 1769 consecuturum,si
808 1695 898 1756 modo
915 1696 979 1776 ejus
998 1717 1067 1758 con·

125 1841 127 1845 ,
177 1776 319 1838 veniendi
344 1775 498 1836 habuisset
525 1784 713 1855 potestatem.
753 1774 836 1836 Nam
863 1775 979 1856 Cyrum
1007 1778 1067 1838 fra·

177 1865 255 1918 trem
278 1857 307 1917 ei
330 1856 445 1917 bellum
470 1856 550 1916 clam
571 1876 691 1950 parare,
712 1855 960 1917 Lacedaemoniis
982 1857 1066 1939 adju-

124 1941 164 2004 20
178 1936 329 2012 vantibus,
349 1936 479 2009 sciebat;
500 1937 533 1996 id
554 1956 580 1997 s1
600 1936 774 2016 aperuisset,
794 1957 937 2016 magnam
956 1929 998 1999 sex
1010 1938 1065 1998 ini·

177 2027 281 2078 turum
315 2017 425 2078 retiam
438 2017 570 2078 videbat.

218 2097 261 2158 X.
318 2118 370 2158 aec
384 2117 453 2157 cum
468 2097 627 2158 moliretur
636 2105 810 2178 peteretque
823 2118 843 2159 a
856 2097 1065 2173 Pharnabazo,

177 2188 214 2239 ut
227 2179 266 2239 ad
277 2199 377 2258 regem
388 2178 569 2251 mitteretur,
580 2177 684 2238 eodem
696 2186 831 2257 tempore
840 2178 952 2239 Critias
963 2180 1066 2240 ceteri·

124 2342 163 2404 25
178 2257 1066 2417 rsrrrrrttcalrsmhuaatau

177 2430 254 2494 rent,
268 2420 326 2480 nisi
339 2418 533 2480 Alcibiadem
548 2418 725 2491 sustulisset,
739 2417 817 2478 nihil
838 2439 942 2480 earum
963 2440 1065 2480 rerum

177 2501 241 2561 fore
260 2510 369 2574 ratum,
383 2520 458 2579 quas
478 2499 542 2578 ipse
555 2497 687 2558 Athenis
700 2499 909 2560 constituisset.
951 2499 1064 2577 Quare,

177 2582 203 2642 si
216 2601 285 2642 suas
299 2601 345 2641 res
358 2589 456 2660 gestas
471 2599 593 2640 manere
606 2579 709 2651 vellet,
724 2579 814 2639 illum
827 2589 1063 2659 persequeretur.

178 2661 238 2722 His
261 2661 344 2722 Laco
367 2658 457 2720 rebus
481 2668 648 2720 commotus
676 2659 783 2719 statuit
810 2661 980 2720 accuratius
1007 2660 1065 2720 sibi

124 2743 329 2821 euagandum
353 2761 423 2801 cum
448 2739 657 2800 Pharnabazo.
699 2738 785 2800 Huic
806 2760 877 2818 ergo
900 2741 1064 2814 renuntiat,

178 2843 255 2902 quae
275 2821 339 2901 regi
360 2841 429 2882 oum
450 2819 699 2881 Lacedaemoniis
719 2829 825 2893 essent,
843 2819 931 2880 irrita
951 2820 1064 2894 firtura,

178 2903 235 2962 nisi
249 2901 442 2962 Alcibiadem
455 2901 562 2962 vivum
577 2908 632 2959 aut
645 2910 799 2960 mortuum
812 2900 870 2959 sibi
884 2901 1063 2962 tradidisset

178 2982 249 3042 Non
268 2982 340 3042 tulit
357 2981 415 3041 hoc
435 2989 578 3118 satrapes,
592 2988 624 3040 et
637 2980 753 3041 violare
767 2981 958 3040 clementiam
972 3002 1064 3121 pplram

178 3063 255 3140 regis
269 3081 339 3140 opes
353 3060 450 3119 minui
464 3081 515 3120 ma
528 3060 582 3120 uit
625 3058 734 3139 Itaque
754 3060 835 3121 misit
855 3060 974 3121 Susami
1012 3082 1064 3122 ren

124 3143 164 3202 35
178 3150 209 3202 et
226 3141 382 3219 Bagaeum
403 3141 443 3200 ad
456 3138 650 3199 Alcibiadem
663 3139 913 3213 interficiendum,
928 3162 997 3200 oum
1012 3141 1065 3202 ille

178 3229 254 3280 esset
279 3221 312 3279 in
340 3219 476 3298 Phrygia
510 3219 627 3298 iterque
660 3219 700 3280 ad
735 3240 835 3298 regem
866 3231 1064 3300 compararet

179 3299 265 3360 Missi
286 3300 365 3359 clam
385 3298 545 3370 vicinitati,
566 3299 598 3356 in
620 3318 681 3378 qua
702 3307 767 3358 tum
787 3298 965 3361 Alcibiades
990 3311 1064 3376 erat,

179 3379 254 3438 dant
273 3378 437 3456 negotium,
452 3385 487 3436 ut
507 3398 575 3436 eum
596 3377 788 3439 interficiant
829 3379 882 3439 Illi
899 3401 970 3443 cum
983 3381 1064 3442 ferro

178 3458 303 3536 aggredi
322 3476 384 3518 non
404 3455 558 3531 auderent,
572 3466 664 3519 noctu
678 3457 763 3537 ligna
776 3459 970 3521 contulerunt
983 3461 1065 3523 circa
