2475 3792
125 241 167 308 72
402 255 614 303 conuenit
644 253 839 300 merome.
895 213 901 226 ’

177 415 278 476 locum
292 414 354 475 fors
367 413 532 485 obtulisset,
546 433 581 472 eo
594 411 727 490 patriam
740 429 918 489 recuperare
934 409 1070 469 niteren-

178 504 238 556 tur.
279 495 388 574 Itaque
411 514 481 554 cum
505 502 624 571 tempus
647 499 692 550 est
715 491 814 552 visum
838 490 882 549 rei
905 490 1072 567 gerendae,

179 575 382 636 cummuniter
402 594 470 634 cum
495 573 551 646 his,
573 572 626 650 qui
647 570 758 630 Thebis
781 569 862 629 idem
885 569 1072 641 sentiebant,

180 656 259 715 diem
287 655 462 732 delegerunt
489 652 529 712 ad
557 651 695 710 inimicos
721 650 933 728 opprimendos
959 649 1072 708 civita·

146 736 300 815 btcmque
327 733 516 794 liberandam
540 752 619 805 eum,
639 751 700 810 quo
723 729 851 789 maximi
870 729 1073 818 magistratus

180 815 270 877 simul
284 821 463 875 consuerant
473 812 599 892 epulari.
641 811 773 888 Magnae
783 821 872 888 saep'e
885 829 933 868 res
945 829 1005 868 non
1020 809 1073 869 ita

180 897 298 975 magnis
319 895 412 973 copiis
435 901 506 953 sunt
521 901 645 972 ‚gestae3
668 891 721 950 sed
742 890 876 969 profecto
897 909 1072 967 numquam

104 986 110 996 '
180 976 220 1037 ab
244 987 306 1036 tam
331 974 415 1035 tenui
442 973 529 1033 initio
556 981 661 1032 tantae
683 991 754 1049 opes
781 979 852 1030 sunt
877 968 1072 1048 profligatae.

181 1056 263 1116 Nam
286 1055 444 1115 duodecim
471 1052 687 1113 adolescentuli
712 1051 849 1111 coierunt
871 1070 911 1109 ex
933 1049 990 1122 his,
1012 1049 1073 1128 qui

127 1137 167 1199 10
181 1135 287 1197 exsilio
307 1143 395 1196 erant
414 1133 545 1206 multati,
566 1153 637 1192 cum
662 1131 784 1191 omnino
804 1151 866 1190 non
885 1139 983 1191 essent
1004 1151 1074 1189 am-

180 1217 261 1296 plius
274 1225 405 1288 centum,
418 1215 471 1294 qui
490 1223 576 1274 tanto
596 1234 628 1273 se
648 1213 789 1273 offerrent
808 1210 952 1291 periculo.
993 1211 1074 1286 Qua

203 1297 334 1357 aucitate
357 1294 495 1376 perculsa
519 1303 564 1355 est
586 1291 896 1354 Lacedaemoniorum
920 1291 1072 1369 potentia.

181 1318 227 1438 lli
251 1377 339 1442 enim¹
355 1397 416 1436 non
438 1375 534 1454 magis
557 1374 799 1435 adversariorum
819 1371 953 1445 factioni,
973 1393 1072 1450 quam

181 1457 347 1536 Spartanis,
361 1477 396 1518 eo
416 1466 550 1534 tempore
564 1455 678 1516 bellum
691 1453 870 1525 intulerunt,
884 1456 937 1530 qui
957 1453 1074 1532 princi-

129 1539 168 1601 15
181 1559 234 1618 pes
247 1547 334 1598 erant
347 1537 439 1598 totius
453 1535 615 1608 Graeciae;
637 1555 767 1614 quorum
781 1533 900 1612 imperii
917 1534 1072 1613 majestas,

181 1639 279 1697 neque
291 1618 335 1678 ita
349 1618 446 1678 multo
459 1625 536 1696 post,
550 1615 711 1676 Leuctrica
727 1635 840 1694 pugna,
853 1614 893 1674 ab
907 1613 966 1674 hoc
978 1614 1072 1675 initio
1109 1627 1115 1634 ’

181 1698 339 1778 perculsa,
357 1697 496 1758 concidit
536 1696 590 1756 Illi
618 1696 714 1775 igitur
739 1695 910 1767 duodecim,
935 1715 1073 1774 quorum

182 1780 247 1838 dux
268 1788 334 1838 erat
353 1778 523 1857 Pelopidas,
536 1796 604 1838 cum
619 1777 752 1836 Athenis
772 1776 904 1835 interdiu
926 1775 1071 1851 exissent,

183 1869 217 1918 ut
227 1868 452 1938 vesperascente
461 1858 544 1918 caelo
554 1857 674 1918 Thebas
687 1865 807 1936 possent
818 1856 986 1935 pervenire,
997 1876 1070 1916 cum

129 1941 170 2002 20
183 1939 308 2000 canibus
334 1938 480 2000 venaticis
510 1938 660 2011 exierunt,
687 1939 764 1998 retia
790 1937 929 2010 ferentes,
953 1939 1070 2000 vestitu

182 2020 301 2098 agresti,
321 2040 381 2098 quo
405 2020 521 2079 minore
542 2019 712 2098 suspicione
734 2019 869 2078 facerent
894 2019 962 2079 iter.
1003 2019 1071 2095 Qui

182 2121 251 2160 cum
265 2108 400 2178 tempore
419 2099 493 2178 ipso,
507 2120 567 2178 quo
587 2099 776 2171 studuerant,
788 2100 1003 2177 pervenissent,
1017 2101 1072 2160 do-

182 2179 428 2320 mudeharonis
447 2179 645 2253 devenerunt,
657 2200 677 2239 a
696 2200 757 2260 quo
776 2189 807 2240 et
827 2188 947 2260 tempus
960 2190 990 2240 et
1004 2181 1073 2242 dies

183 2270 248 2320 erat
282 2269 359 2320 atus

130 2343 169 2403 25
222 2340 284 2401 III.
305 2340 375 2401 Hoc
388 2340 454 2402 loco
467 2339 544 2402 libet
557 2341 756 2421 interponere,
768 2342 823 2403 etsi
842 2343 1012 2422 sejunctum
1027 2342 1072 2403 ab

183 2441 216 2481 re
228 2421 382 2501 proposita
395 2430 448 2495 est,
461 2422 557 2482 nimia
572 2423 685 2482 fiducia
697 2433 830 2503 quantae
842 2424 1072 2484 calamitatiso·

183 2501 246 2562 leat
264 2522 334 2562 esse
375 2501 457 2562 Nam
477 2503 710 2581 magistratuum
730 2503 943 2564 Thebanorum
964 2505 1070 2564 statim

183 2583 223 2642 ad
243 2601 330 2642 aures
350 2583 497 2660 pervenit,
510 2583 629 2643 exsules
648 2585 681 2642 in
701 2583 806 2643 urbem
827 2584 988 2645 devenisse
1028 2583 1070 2644 Id

184 2663 230 2722 illi
240 2663 313 2724 vino
322 2662 478 2741 epulisque
491 2663 586 2722 dediti
600 2685 697 2743 usque
708 2684 743 2724 eo
757 2664 967 2743 despexerunt,
980 2673 1017 2724 ut
1028 2685 1070 2724 ne

130 2745 169 2806 30
183 2763 326 2822 quaerere
346 2743 468 2821 quidem
490 2743 529 2803 de
551 2753 692 2804 tentare
714 2743 891 2806 laborarint
931 2745 1067 2805 Accessit

183 2824 284 2896 etiam,
298 2823 379 2902 quod
399 2824 496 2902 magis
515 2825 647 2902 aperiret
662 2845 766 2884 eorum
779 2820 971 2891 dementiam.
1011 2824 1066 2885 Al-

183 2903 246 2964 lata
260 2913 304 2964 est
317 2904 396 2962 enim
418 2905 544 2983 epistola
558 2904 689 2965 Athenis
710 2905 749 2965 ab
778 2904 916 2966 Archino
945 2905 998 2964 uni
1027 2926 1068 2965 ex

182 2983 238 3055 his,
269 2983 411 3056 Archiae,
426 2985 479 3063 qui
500 2994 565 3044 tum
583 2986 752 3044 maximum
766 2989 976 3064 magistratum
991 2986 1068 3046 The·

182 3065 228 3124 bis
248 3064 420 3136 obtinebat;
441 3066 473 3124 in
488 3086 548 3143 qua
562 3067 665 3125 omnia
677 3066 716 3125 de
729 3066 913 3144 profectione
925 3066 1067 3127 exsulum

129 3146 167 3205 35
181 3144 347 3222 perscripta
361 3154 454 3204 erant.
497 3146 586 3220 Quae
600 3166 669 3204 cum
688 3146 750 3238 jam
765 3146 926 3206 accubanti
945 3147 977 3204 in
998 3167 1067 3206 con-

182 3224 264 3285 vivio
284 3233 359 3283 esset
383 3225 464 3297 data,
484 3225 562 3284 sicut
585 3235 650 3284 erat
674 3235 802 3303 signata,
822 3226 880 3285 sub
903 3226 1066 3304 pulvinum

180 3303 349 3381 subjiciens,
370 3309 386 3333 “
396 3303 433 3362 In
455 3304 648 3375 crastinum‚''
673 3305 780 3382 inquit,
806 3306 936 3365 “differo
956 3326 1004 3365 res
1022 3327 1067 3366 se·

179 3383 293 3444 veras.''
334 3382 380 3442 At
401 3382 447 3441 illi
470 3403 580 3453 omnes,
603 3404 673 3442 cum
693 3385 758 3461 jam
783 3404 845 3443 nox
868 3386 1066 3462 processimet,

178 3462 325 3523 vinolenti
339 3461 379 3521 ab
390 3460 553 3532 exsulibus
564 3461 640 3521 duce
654 3461 810 3541 Pelopida,
817 3474 891 3523 sunt
904 3465 1065 3525 interfecti.

124 3541 164 3601 00
179 3541 299 3616 Quibus
313 3540 401 3629 rebus
415 3539 565 3610 confectis,
575 3540 670 3618 vulgo
684 3541 724 3600 ad
737 3562 824 3601 arma
833 3541 1066 3621 libertatemque
