2475 3792
173 231 215 295 66
440 243 652 291 ooaunnu
682 244 876 293 unrorrs.
934 300 936 303 ,

247 402 346 462 rodest
359 421 451 482 quam
465 399 574 461 diserte
588 398 703 472 dicere;
724 400 874 461 studiosus
891 400 1049 464 audiendi:
1072 423 1117 463 ex

225 423 282 542 hoc
303 481 383 550 enim
404 481 547 541 facillime
567 481 643 540 disci
663 479 877 542 arbitrabatur.
918 481 1027 561 Itaque
1040 499 1116 542 cum

125 611 133 628 ,
224 563 257 622 in
271 561 419 620 circulum
433 561 570 632 venisset,
584 561 617 619 in
632 580 691 638 quo
705 570 760 620 aut
773 561 811 620 de
825 560 994 638 republica
1010 562 1117 639 dispu-

225 651 350 713 taretur,
372 650 426 700 aut
446 640 483 699 de
504 640 696 718 philosophia
715 660 812 700 sermo
832 639 1002 712 haberetur,
1024 660 1116 700 num-

191 725 211 786 5
225 742 316 800 quam
331 720 401 781 inde
415 721 498 798 prius
512 720 647 779 discessit
660 740 752 798 quam
766 720 806 778 ad
819 720 910 778 finem
923 741 1021 780 sermo
1035 729 1117 781 esset

223 802 380 861 adductus.
422 799 637 878 Paupertatem
651 800 726 859 adeo
739 798 829 859 facile
841 819 997 878 perpessus
1011 812 1064 871 est,
1077 809 1116 861 ut

224 880 261 941 de
278 901 310 941 re
328 880 451 960 publica
471 879 548 938 nihil
568 889 689 957 praeter
709 879 838 957 gloriam
863 878 983 956 ceperit
1024 879 1116 939 Ami·

224 981 327 1020 corum
341 961 373 1019 in
387 980 417 1019 se
431 960 544 1020 tuendo
558 959 657 1019 caruit
670 959 883 1030 facultatibus;
904 959 963 1018 fide
976 958 1016 1018 ad
1033 959 1115 1020 alios

223 1040 423 1101 sublevandos
436 1055 524 1119 ¹saepe
536 1038 579 1099 sio
593 1059 665 1098 usus
677 1047 777 1111 estut
786 1039 918 1117 judicari
931 1039 1033 1117 possit,
1048 1059 1115 1099 om·

170 1121 209 1183 10
222 1121 275 1180 nia
288 1121 315 1180 ei
330 1141 399 1179 eum
413 1121 518 1179 amicis
535 1119 627 1178 fuisse
641 1119 821 1179 communia.
862 1117 944 1178 Nam
964 1138 1034 1178 cum
1054 1128 1115 1181 aut

223 1201 335 1260 civium
354 1220 476 1259 suorum
497 1198 606 1277 aliquis
627 1198 667 1259 ab
688 1198 823 1258 hostibus
836 1207 912 1258 esset
925 1208 1040 1277 captus,
1053 1208 1115 1261 aut

221 1281 308 1360 virgo
323 1280 412 1340 amici
426 1279 547 1352 nubilis,
562 1299 640 1358 quae
654 1288 777 1357 propter
790 1288 1000 1357 paupertatem
1019 1279 1114 1340 eollo·

222 1361 284 1420 cari
312 1380 373 1419 uon
399 1368 506 1438 posset,
527 1361 694 1419 amicorum
721 1359 880 1418 eonsilium
906 1359 1048 1432 habebat,
1068 1369 1112 1435 et,

222 1450 369 1520 quantum
386 1440 511 1519 quisque
528 1439 624 1512 daret,
637 1459 692 1517 pro
712 1438 909 1498 facultatibus
929 1438 1111 1517 imperabat

168 1522 207 1583 15
221 1521 359 1599 Eamque
378 1540 528 1580 summam
542 1539 612 1578 cum
626 1520 747 1591 lecerat,
761 1519 937 1598 priusquam
957 1519 1113 1597 acciperet

220 1601 389 1679 pecuniam,
403 1599 574 1659 adducebat
587 1619 666 1672 eum,
678 1599 731 1678 qui
744 1599 916 1678 quaerebat,
931 1599 971 1658 ad
985 1619 1043 1672 eos,
1054 1600 1111 1680 qui

221 1680 422 1752 conferebant,
439 1680 526 1757 eique
546 1688 582 1739 ut
601 1679 660 1758 ipsi
680 1687 883 1751 numerarent,
903 1678 1051 1752 faciebat3
1072 1690 1111 1740 ut

219 1759 281 1833 ille,
291 1760 434 1900 ddbquem
449 1781 485 1819 ea
499 1779 545 1818 res
559 1759 764 1838 perveniebat,
774 1760 872 1832 sciret,
883 1769 1032 1838 quantum
1045 1761 1111 1819 cui-

220 1861 278 1918 que
312 1861 328 1900 e
350 1850 420 1900 eret.

166 1925 206 1987 20
259 1920 317 1982 IV.
338 1920 467 1981 Tentata
485 1930 587 1980 autem
608 1920 672 1999 ejus
692 1928 737 1981 est
756 1918 939 1980 abstinentia
951 1939 971 1980 a
984 1918 1110 1981 Diome·

219 2000 318 2073 doute,
333 2000 487 2080 Cyzicena
529 2000 672 2079 Namque
691 2002 717 2061 is
737 2010 846 2079 rogatu
859 2000 1044 2060 Artaxerxis
1062 2022 1110 2062 re·

218 2081 263 2160 gis
291 2081 535 2160 Epaminondam
562 2081 692 2160 pecunia
721 2081 977 2159 corrumpendum
1009 2101 1110 2142 susce·

218 2170 312 2241 perat.
353 2160 416 2220 Hic
430 2182 540 2239 magno
555 2181 624 2220 enm
639 2161 773 2239 pondere
791 2162 859 2220 auri
878 2160 997 2221 Thebas
1009 2163 1107 2235 venit,

218 2251 248 2301 et
275 2241 447 2320 Micythum
475 2241 733 2300 adolescentulum
761 2242 894 2319 quinque
918 2240 1041 2301 talentis
1063 2243 1107 2302 ad

164 2326 204 2387 25
217 2342 303 2381 suam
316 2321 460 2400 perduxit
473 2321 672 2393 voluntatem,
686 2341 776 2399 quem
790 2330 856 2380 tum
874 2321 1107 2399 Epaminondas

216 2402 383 2480 plurimum
397 2401 551 2481 diligebat
592 2400 657 2460 Mic
679 2402 749 2460 thus
769 2401 1014 2478 Epaminondam
1036 2422 1107 2461 oon-

216 2482 308 2553 venit,
319 2490 348 2541 et
362 2500 483 2542 causam
497 2482 645 2549 adventus
688 2481 865 2542 iomedontis
878 2481 1016 2541 ostendit.
1057 2482 1106 2543 At

192 2569 197 2582 '
216 2561 268 2621 ille
290 2561 484 2621 Diomedonti
505 2581 615 2633 coram,
638 2561 780 2633 “Nihil,''
801 2562 909 2640 inquit,
931 2566 1032 2640 “opus
1052 2583 1104 2640 pe-

216 2642 306 2701 cunia
325 2651 377 2701 est.
418 2641 500 2701 Nam
520 2643 551 2700 si.
566 2663 621 2701 rex
642 2662 678 2701 ea
691 2642 768 2714 vult,
782 2663 860 2720 quae
873 2641 1025 2702 Thebanis
1040 2644 1104 2704 sint

162 2725 202 2787 30
216 2722 312 2794 utilia,
327 2722 420 2799 gratis
435 2723 532 2782 l'acere
550 2743 617 2781 sum
631 2733 773 2800 paratus;
794 2725 841 2782 sin
861 2732 963 2783 autem
984 2733 1103 2783 contra·

215 2803 269 2874 ria,
293 2821 353 2861 non
376 2802 469 2861 habet
490 2802 557 2861 auri
582 2811 673 2881 atque
697 2803 815 2881 argenti
838 2804 918 2863 satis.
959 2802 1103 2883 Namque

215 2882 294 2941 orbis
308 2891 457 2941 terrarum
469 2883 591 2943 divitias
605 2883 741 2961 accipere
751 2883 821 2942 nolo
832 2904 887 2962 pro
898 2884 1015 2962 patriae
1026 2885 1102 2943 oari-

213 2971 283 3022 tate.
325 2961 372 3020 Tu
396 2962 477 3039 quod
505 2983 552 3021 me
574 2963 763 3040 incognitum
788 2965 910 3023 tentasti
935 2965 1040 3043 tuique
1062 2965 1102 3023 si-

163 3057 169 3068 ·
213 3042 315 3101 milem
337 3042 523 3114 existimasti,
545 3062 605 3101 non
631 3043 724 3102 miror
748 3042 864 3122 tibique
887 3044 1025 3121 ignosco;
1046 3044 1101 3104 sed

160 3123 198 3182 35
213 3121 351 3198 egredere
371 3141 505 3199 propere,
521 3142 558 3180 ne
579 3122 655 3180 alios
675 3142 859 3201 corrumpas,
877 3143 947 3182 oum
968 3144 1017 3184 me
1037 3143 1101 3184 non

212 3201 352 3278 potueris.
395 3200 437 3258 Et
447 3209 490 3272 tu,
502 3199 648 3279 Micythe,
659 3200 819 3278 argentum
829 3203 900 3261 huic
912 3203 1020 3275 redde;
1034 3213 1100 3277 aut,

211 3280 268 3337 nisi
287 3279 319 3337 id
338 3280 493 3338 confestim
512 3279 595 3351 lacis,
611 3300 665 3356 ego
686 3290 716 3338 te
736 3281 856 3340 tradam
877 3283 1099 3360 magistratui.''

211 3357 305 3416 Hunc
325 3356 495 3416 Diomedon
516 3378 585 3417 cum
607 3368 734 3436 rogaret,
749 3367 783 3418 ut
798 3370 863 3420 tuto
878 3362 961 3421 exire
973 3381 1100 3440 suaque,

210 3457 286 3515 quae
300 3436 454 3508 attulerat,
464 3436 567 3496 liceret
577 3437 690 3510 efferre,
702 3443 718 3468 “
728 3437 816 3498 Istud
826 3440 975 3519 quidem,’'
986 3441 1099 3523 inquit,

1235 1910 1237 1975 r

1234 1998 1236 2063 r

1233 2092 1235 2153 r

1232 2170 1234 2241 r

1230 2246 1233 2330 l

1230 2336 1232 2418 l

1229 2430 1231 2506 t

1228 2522 1230 2593 r
