2475 3792
157 249 199 314 98
434 260 647 310 coenatu
677 261 872 308 narorrs

211 419 417 481 Hannibalem
445 428 531 480 tanto
558 417 740 498 praestitisse
764 426 876 478 eeteros
902 417 1095 496 imperatores

210 501 381 580 prudentia,
395 509 509 578 quanto
529 499 659 578 populus
674 497 829 557 Romanus
843 497 1005 556 antecedat
1018 497 1097 558 forti·

211 581 317 642 tudine
337 590 460 640 cunetas
480 581 623 639 nationes.
666 577 747 637 Nam
768 578 1016 657 quotiescumque
1031 598 1097 636 cum

212 681 246 722 eo
261 680 433 739 congressus
447 661 536 719 estin
550 659 652 731 Italia,
666 678 782 736 semper
802 657 936 717 discessit
954 657 1097 736 superior.

179 741 305 817 bQuod
325 741 383 800 nisi
407 740 489 798 domi
510 740 622 800 civium
643 759 766 798 suorum
787 737 903 798 invidia
924 737 1100 796 debilitatus

212 831 296 893 esset,
324 821 477 880 Romanos
503 820 658 879 videretur
684 838 825 897 superare
852 818 992 896 potuisse.
1044 817 1101 876 Sed

212 901 379 961 multorum
400 899 579 959 obtrectatio
598 899 712 959 devicit
733 899 820 957 unius
841 899 996 968 virtutem.
1041 896 1102 956 Hic

213 991 315 1041 autem
337 980 422 1040 velut
449 979 615 1039 hereditate
643 978 782 1037 relictum
809 978 912 1038 odium
940 987 1103 1056 paternum

214 1082 285 1140 erga
313 1060 466 1120 Romanos
492 1059 535 1118 sic
562 1059 761 1130 conservavit,
789 1067 823 1117 ut
857 1059 940 1136 prius
968 1058 1103 1117 animam

161 1143 201 1204 10
214 1162 306 1221 quam
320 1141 351 1199 id
366 1139 553 1218 deposuerit3
574 1139 627 1217 qui
642 1139 773 1218 quidem,
788 1159 856 1198 cum
878 1139 978 1216 patria
999 1137 1104 1216 pulsus

215 1230 290 1282 esset
311 1229 342 1280 et
363 1220 531 1280 alienarum
554 1240 646 1298 opum
665 1219 821 1298 indigeret,
835 1239 1003 1296 numquam
1019 1218 1105 1277 desti·

215 1301 286 1362 terit
300 1301 401 1361 animo
415 1299 530 1359 bellare
543 1319 613 1358 curn
629 1299 782 1359 Romanis.

256 1380 299 1441 II.
327 1379 407 1440 Nam
436 1388 471 1440 ut
498 1379 637 1440 omittam
666 1379 853 1458 Philippum,
882 1399 971 1458 quem
1000 1378 1106 1438 absens

215 1461 330 1522 hostem
354 1460 486 1520 reddidit
510 1460 664 1530 Romanis,
685 1460 819 1520 omnium
847 1459 894 1518 his
921 1459 1106 1537 temporibus

163 1543 202 1604 15
217 1541 439 1621 potentissimus
461 1560 516 1599 rex
533 1540 704 1599 Antiochus
725 1540 792 1599 fuit
834 1539 928 1598 Hunc
950 1548 1039 1598 tanta
1060 1559 1106 1598 cu·

217 1622 346 1701 piditate
369 1620 503 1680 incendit
524 1619 669 1692 bellandi,
693 1629 727 1679 ut
753 1639 846 1698 usque
871 1641 889 1678 a
913 1619 1006 1678 rubro
1031 1618 1106 1677 mari

217 1722 303 1762 arma
323 1710 448 1761 conatus
468 1701 507 1760 sit
521 1700 632 1759 inferre
648 1699 765 1759 Italiae.
807 1699 859 1758 Ad
874 1720 963 1778 quem
978 1719 1048 1758 cum
1070 1699 1106 1757 le

217 1782 282 1862 gati
297 1781 447 1843 venissent
468 1780 608 1852 Romani,
624 1780 676 1858 qui
699 1781 737 1839 de
759 1781 822 1858 ejus
836 1781 993 1840 voluntate
1007 1779 1107 1858 exple

218 1870 321 1922 rarent
346 1861 512 1939 darentque
536 1880 659 1938 operam
689 1860 820 1920 consiliis
848 1859 1051 1931 clandestinis,
1076 1867 1108 1918 ut

165 1945 204 2007 20
218 1940 426 2003 Hannibalem
451 1941 483 1999 in
508 1941 708 2019 suspicionem
734 1941 796 2018 regi
821 1940 1014 2012 adducerent,
1036 1950 1108 1999 tam-

217 2043 310 2103 quam
329 2021 369 2082 ab
390 2021 461 2100 ipsis
482 2030 658 2099 corruptum
681 2020 742 2080 alia
763 2029 853 2098 atque
877 2029 967 2078 antea
991 2020 1109 2090 sentire,

217 2122 315 2183 neque
335 2102 368 2161 id
388 2102 500 2160 frustra
525 2101 671 2172 fecissent,
694 2100 785 2178 idque
810 2099 970 2159 Hannibal
995 2120 1110 2178 compe

218 2183 312 2255 risset,
336 2201 425 2261 seque
452 2181 491 2241 ab
521 2180 713 2241 interioribus
739 2181 870 2241 consiliis
897 2180 1048 2258 segregari
1068 2180 1110 2240 vi-

217 2263 325 2324 disset:
356 2270 491 2340 tempore
515 2262 587 2321 dato
615 2261 692 2321 adiit
720 2261 759 2320 ad
788 2281 898 2339 regem,
926 2260 1013 2338 eique
1041 2280 1111 2320 cum

164 2346 204 2407 25
217 2342 316 2403 multa
339 2341 377 2402 de
400 2341 460 2401 fide
483 2361 538 2401 sua
562 2351 593 2401 et
617 2341 686 2401 odio
707 2341 739 2400 in
761 2341 914 2401 Romanos
934 2359 1112 2400 commemo

218 2432 319 2496 resset,
333 2422 390 2482 hoe
404 2421 562 2501 adjunxit:
583 2421 700 2482 “Pater
714 2421 824 2494 meuS‚’'
840 2420 947 2500 inquit,
961 2424 978 2449 ‘⁴
991 2419 1113 2478 Hamil-

218 2524 279 2575 car,
301 2501 428 2581 puerulo
449 2522 505 2574 me,
524 2511 630 2580 utpote
650 2523 711 2562 non
732 2501 862 2580 amplius
882 2520 991 2561 novem
1016 2519 1112 2559 annos

217 2592 299 2654 nato,
308 2583 340 2640 in
351 2581 534 2660 Hispaniam
545 2581 709 2660 imperator
719 2582 916 2661 proficiscens,
925 2579 1113 2658 Carthagine

219 2659 292 2724 Jovi
314 2662 428 2740 optimo
450 2661 584 2721 maximo
607 2662 719 2722 hostias
738 2661 916 2722 immolavit.
958 2660 1048 2735 Quae
1068 2660 1112 2719 di·

166 2746 205 2808 30
219 2743 292 2804 vina
307 2762 354 2801 res
369 2742 441 2801 dum
456 2741 679 2815 conficiebatur,
694 2742 844 2821 quaesivit
858 2763 876 2800 a
890 2761 947 2813 me,
961 2740 1112 2802 vellemne

219 2842 319 2883 secum
343 2822 375 2880 in
397 2831 497 2881 eastra
518 2821 675 2900 proficisci.
731 2822 769 2882 Id
788 2832 857 2882 cum
879 2821 1009 2880 libenter
1030 2840 1112 2880 acce·

220 2903 338 2982 pissem,
361 2912 451 2980 atque
472 2901 511 2961 ab
533 2922 568 2962 eo
590 2910 692 2980 petere
714 2903 884 2981 coepissem,
898 2922 936 2961 ne
957 2899 1112 2961 dubitaret

220 2984 338 3053 ducere,
362 2990 427 3040 tum
450 2981 511 3053 ille,
534 2981 696 3054 ‘Faciam'
719 2982 826 3062 inquit,
849 2981 952 3054 ‘mihi,
973 2981 999 3040 si
1019 2980 1111 3039 fidem

221 3083 312 3142 quam
326 3059 454 3140 postulo,
466 3060 600 3120 dederis!
643 3060 741 3122 Simul
755 3083 803 3121 me
817 3062 856 3121 ad
871 3081 957 3121 aram
971 3060 1111 3132 adduxit,

167 3145 206 3205 35
220 3142 302 3220 apud
326 3161 418 3219 quam
443 3141 611 3201 sacrificare
638 3142 819 3214 instituerat,
845 3162 980 3220 eamque,
1006 3141 1112 3200 ceteris

220 3222 350 3293 remotis,
364 3230 515 3280 tenentem
525 3222 630 3298 jurare
640 3222 738 3300 jussit,
749 3242 915 3300 numquam
931 3241 979 3281 me
993 3221 1025 3279 in
1039 3221 1113 3280 ami·

221 3301 293 3360 citia
313 3320 380 3359 cum
403 3300 548 3361 Romanis
562 3301 634 3364 fore.
676 3301 714 3360 Id
729 3322 783 3380 ego
800 3303 1015 3381 jusjurandum
1030 3301 1114 3381 patri

192 3407 195 3412 ’
221 3381 327 3440 datum
351 3399 444 3457 usque
468 3380 508 3443 ad
531 3380 610 3440 hanc
639 3391 769 3441 aetatem
797 3383 841 3442 ita
869 3383 1056 3454 conservavi,
1078 3391 1114 3441 ut

221 3459 334 3518 nemini
358 3458 485 3518 dubium
509 3480 571 3519 esse
593 3460 711 3535 debeat,
736 3462 810 3542 quin
834 3462 951 3541 reliquo
979 3471 1116 3541 tempore
