2475 3792
378 259 379 264 ’
450 279 707 326 serarianas,
928 320 957 349 .‚
1040 262 1082 324 15

143 455 204 495 cum
224 455 327 515 pugna
347 436 568 516 depingeretur
588 435 793 509 Marathonia,
814 446 850 496 ut
869 435 900 494 in
922 435 1025 495 decem

142 525 308 594 praetorum
321 537 452 575 numero
466 516 567 594 prima
577 517 601 596 ej
606 537 641 575 us
651 517 752 594 imago
762 526 932 594 poneretur,
942 516 1027 594 isque

142 595 307 655 hortaretur
325 597 439 654 milites
453 595 669 674 'proeliumque
690 596 896 656 committeret.
938 595 1025 655 Idem

142 676 191 734 ille
208 675 347 754 populus,
363 685 562 753 posteaquam
576 677 675 754 majus
688 676 848 753 imperium
862 685 909 736 est·
919 686 1025 756 nac-tus

141 765 169 815 et
188 756 233 814 iar
253 757 346 815 itione
368 755 603 833 magistratuum
625 766 784 834 corrqptus
804 766 857 828 est,
878 767 1026 816 trecentas
1059 757 1079 818 ὅ

140 845 250 895 statuas
298 836 420 895 emetrio
436 834 585 894 Phalereo
599 834 740 895 decrevit.

177 915 252 976 VII.
274 916 347 975 Post
368 915 425 975 hoc
446 914 596 994 proelium
617 915 742 974 clamem
762 917 955 994 septuaginta
974 936 1026 976 na·

138 996 221 1056 vium
246 996 446 1054 Athenienses
471 995 568 1054 eidem
593 993 729 1054 Miltiadi
750 996 906 1069 dederunt,
928 1008 962 1057 ut
982 998 1026 1056 in·

137 1077 226 1148 sulas,
241 1096 319 1154 quae
333 1075 479 1134 barbaros
494 1075 684 1155 adjuyerant,
696 1075 776 1135 bello
791 1087 1024 1169 pemeqrqpretur.

138 1156 207 1232 Quo
221 1157 347 1233 imperio
362 1155 522 1234 plerasque
536 1155 575 1214 ad
590 1155 721 1216 officium
732 1155 830 1214 redire
841 1161 945 1235 coeglt,
954 1178 1025 1230 nou·
1041 1160 1080 1220 10

137 1235 238 1295 nullas
246 1237 279 1296 vi
290 1236 488 1314 expugnavit.
499 1245 517 1301 ss
530 1235 580 1294 Ex
591 1235 638 1294 his
649 1235 763 1294 Parum
774 1235 904 1296 insulam
919 1238 1025 1316 opibus

135 1305 249 1375 cimam
270 1336 339 1374 cum
361 1316 498 1375 oratione
518 1315 711 1394 reconciliare
729 1335 790 1375 non
805 1328 911 1394 posset,
925 1319 1026 1396 copias

136 1416 152 1454 e
173 1395 305 1456 navibus
326 1396 442 1467 eduxit,
464 1395 569 1454 urbem
591 1395 732 1474 oper-ibus
752 1396 869 1468 clausit,
884 1399 1025 1476 omnique

136 1485 307 1536 commeatu
322 1476 473 1554 priqavin
494 1475 562 1554 dein
576 1476 675 1537 vineis
687 1496 723 1536 ac
737 1476 937 1538 testudinibus
958 1499 1025 1538 con-

135 1546 259 1628 stitutis,
284 1556 408 1635 propius
433 1576 535 1630 moros
562 1556 693 1616 accessit.
736 1556 814 1616 Cum
837 1558 903 1635 jam
931 1558 962 1616 in
990 1559 1079 1619 colb

135 1648 220 1708 esset,
235 1645 271 1695 ut
285 1636 395 1714 oppido
411 1636 567 1714 potiretur,
582 1636 687 1714 procul
703 1635 735 1695 in
749 1638 915 1714 continenti
929 1638 1024 1718 lucus,

103 1713 107 1718 ”
135 1717 189 1794 qui
210 1737 251 1775 ex
272 1716 372 1775 insula
393 1714 642 1794 conspiciebatur,
658 1717 756 1777 nescio
778 1738 837 1796 quo
858 1738 938 1797 casu,
957 1739 1025 1799 nqe-

134 1806 227 1876 tugno
253 1805 387 1874 tempore
415 1789 552 1856 incensus
579 1807 631 1857 est.
673 1797 767 1876 Cujus
787 1797 911 1858 flamma
931 1808 965 1859 ut
985 1800 1025 1859 ab

34 1943 38 1947 ,
135 1876 296 1954 oppidanis
317 1885 347 1935 et
367 1877 627 1954 oppugnatoribus
647 1888 691 1938 est
705 1879 778 1950 visa,
794 1879 928 1957 utrisque
942 1881 1025 1940 venit

135 1957 167 2014 in
179 1949 362 2034 opinionem,
373 1948 526 2034 signum-a
541 1957 701 2036 classaria
711 1960 800 2036 regiis
810 1959 924 2019 datum.
954 1960 1024 2036 Quo
1039 1962 1078 2023 20

135 2037 253 2096 factum
267 2045 320 2108 est,
334 2046 370 2096 ut
388 2046 420 2095 et
438 2036 520 2096 Parii
541 2057 560 2096 a.
580 2037 732 2114 deinone
750 2039 980 2120 deterrerentur,
995 2050 1025 2101 et

137 2116 302 2188 Miltiades,
313 2111 423 2175 timens
437 2136 475 2175 ne
489 2117 590 2176 classis
604 2118 687 2196 regia
700 2118 887 2204 adventaret,
898 2120 1024 2180 incensis

136 2196 286 2274 operibus,
301 2216 380 2274 quae
393 2205 548 2278 stata-ierat,
563 2218 632 2258 cum
647 2198 772 2279 toti-dem
786 2200 915 2260 navibus
933 2210 1024 2279 atque

137 2285 202 2335 erat
216 2278 378 2354 profectus,
391 2275 527 2356 Athenas
538 2298 730 2356 magnacum
741 2278 900 2339 offensione
911 2280 1023 2341 civium

136 2376 260 2415 suorum
272 2357 393 2416 rediret.
421 2355 590 2434 Accusatus
600 2378 671 2440 ergo
682 2368 726 2418 est
737 2348 922 2436 proditionis
934 2363 1023 2438 quod,
1039 2364 1078 2424 25
1169 2424 1175 2430 ,

138 2456 207 2495 cum
228 2436 342 2496 Parum
365 2456 540 2514 expugnare
561 2447 668 2516 posset,
682 2460 701 2499 a
715 2459 785 2517 rege
801 2433 960 2519 corruptus
981 2442 1024 2500 in·

137 2516 222 2602 t'eqtis
237 2515 325 2577 rebus
339 2517 526 2578 discessisset.
569 2519 615 2578 Eo
631 2528 765 2598 tempore
778 2540 867 2599 aeger
880 2530 946 2580 erat
959 2513 1025 2600 vui-

138 2595 268 2681 neribus,
279 2617 358 2676 quae
372 2597 404 2655 in
419 2599 622 2677 oppugnando
633 2601 744 2679 oppido
759 2611 922 2684 acceperat.
965 2601 1025 2661 Ita-

139 2697 196 2754 que
216 2679 361 2756 quoniam
386 2677 448 2754 ipse
471 2698 526 2756 pro
550 2699 581 2738 se
605 2680 704 2739 dicere
725 2700 784 2739 non
806 2690 912 2758 posset,
931 2682 1025 2741 verba

138 2757 208 2816 t'ecit
233 2756 328 2818 frater
353 2757 416 2836 ejus
440 2757 605 2836 Tisagoras.
647 2759 747 2819 Causa
767 2761 897 2838 cognita,
918 2762 1025 2847 capitis
1039 2763 1079 2823 30

138 2835 302 2923 absqiutus,
317 2837 446 2918 pecqnia
466 2840 612 2920 multatus
634 2848 686 2911 est,
707 2859 802 2918 eaque
822 2840 859 2899 lis
880 2840 1026 2919 quinqua-

137 2917 223 2996 ginta
257 2917 381 2978 talentis
414 2919 572 2978 aestimata
600 2927 653 2991 est,
681 2929 813 2998 quantus
832 2903 872 2978 in
900 2919 1025 2980 classem

129 3005 274 3074 sumptus
289 2983 387 3055 frictus
401 2997 502 3057 erat*
515 2998 608 3057 Hanc
629 2999 787 3077 pecuniam
809 2999 890 3079 qnod
910 2989 1026 3072 soipere

138 3069 361 3153 inpraesentia
381 3097 440 3136 non
461 3087 589 3155 poterat,
610 3079 642 3136 in
663 3079 788 3149 vincula
811 3079 935 3158 publica
959 3100 1039 3156 equ-2

139 3157 236 3234 iectus
251 3165 296 3214 est
310 3156 412 3234 ibique
426 3156 506 3217 diem
521 3157 596 3232 obiit
609 3178 792 3235 supremum.
1040 3159 1080 3219 35

178 3234 271 3295 VIII.
294 3235 357 3294 Hie
371 3237 425 3295 etsi
440 3237 567 3296 crimine
581 3237 672 3294 Pario
686 3248 730 3294 est
744 3246 909 3306 accusatus
924 3245 1026 3294 tamen

138 3315 199 3374 alia
219 3315 280 3374 fuit
302 3335 393 3374 causa
413 3314 626 3390 damnationis.
667 3313 808 3388 Namque
829 3313 1028 3369 Athenienses

137 3404 261 3473 propter
290 3394 440 3452 Pisistrati
467 3392 672 3470 tyrannidem,
700 3408 778 3464 quae
803 3389 907 3472 paucis
941 3387 1029 3442 annis

137 3485 207 3534 ante
227 3475 339 3544 fuerat,
356 3473 493 3532 omnium
514 3487 639 3528 suorum
660 3466 772 3524 civium
793 3469 959 3538 potentiam
979 3478 1030 3514 ex-
