2475 3792
198 287 205 297 .
313 246 344 292 r.
371 241 626 292 poneremus
656 243 848 293 armeus.
1017 227 1079 290 113

108 422 175 479 que
191 402 352 480 cognosci,
366 400 517 480 simulque
538 400 665 479 aperire,
679 420 710 460 se
730 420 790 461 non
810 399 958 474 fortunae,
972 401 1025 462 sed

108 481 306 541 hominibus
326 481 422 541 solere
436 501 498 540 esse
514 481 656 540 amicum.
699 481 786 556 Quae
800 501 869 540 eum
884 481 1024 556 faciebat,

108 580 212 621 nemo
247 582 317 622 eum
345 561 489 640 temporis
524 580 617 620 causa
645 560 742 620 facere
772 569 890 640 poterat
923 562 1024 622 existi·

107 661 217 702 mare.
264 641 391 700 Nemini
410 641 491 700 enim
512 641 545 699 in
565 639 737 718 opinionem
757 639 907 714 veniebat,
927 641 1023 702 Antu-

109 721 210 780 nium
229 741 334 782 rerum
353 721 532 799 potiturum.
573 719 634 780 Sed
654 719 763 780 sensim
784 720 808 780 is
828 740 848 781 a
867 722 1022 783 nonnullis
1057 722 1076 783 5

109 801 336 879 optimatibus,
345 800 546 861 familiaribus
555 802 628 880 ejus,
637 799 919 878 reprehendebatur,
941 801 1022 882 quod

109 901 239 958 parum
254 882 352 942 odisse
365 880 461 940 malos
475 880 556 942 cives
570 881 732 941 videretur.
773 879 832 941 Hle
852 891 954 942 autem
975 882 1021 942 sui

115 962 242 1040 judicii
265 961 376 1040 potius,
390 961 464 1040 quid
486 981 517 1020 se
538 959 638 1020 faeere
659 980 715 1039 par
737 969 819 1034 esset,
836 961 1020 1037 intuebatur,

112 1062 221 1121 quam
257 1042 312 1101 uid
326 1041 379 1100 alii
394 1040 550 1101 laudaturi
564 1039 672 1100 forent.

161 1122 213 1183 X,
288 1141 397 1182 nversa
423 1121 524 1181 subito
548 1120 671 1180 fortuna
698 1129 750 1182 est.
799 1120 845 1182 Ut
868 1121 1021 1184 Antonius
1036 1122 1074 1184 10

114 1202 219 1263 rediit
232 1203 266 1261 in
281 1201 415 1273 Italiam,
429 1220 517 1261 nemo
538 1221 599 1261 non
618 1221 729 1281 magno
746 1201 777 1261 in
792 1203 927 1281 periculo
940 1203 1021 1264 Atti·

116 1301 198 1342 cum
212 1291 339 1362 putarat
358 1290 481 1362 propter
501 1281 640 1341 intimam
654 1281 892 1343 familiaritatem
906 1283 1021 1344 Cicero·

117 1363 173 1422 nis
189 1372 220 1423 et
233 1362 335 1422 Bruti
376 1361 485 1441 Itaque
506 1362 546 1422 ad
565 1361 731 1423 adventum
746 1363 962 1442 imperatorum
982 1364 1019 1426 de

119 1441 194 1504 foro
220 1443 397 1515 decesserat,
425 1443 534 1503 timens
561 1443 817 1521 proscriptionem,
845 1443 1019 1524 latebatque

120 1524 211 1601 apud
232 1523 269 1583 P.
284 1523 497 1595 Volumnium,
511 1523 569 1596 cui,
585 1531 621 1582 ut
636 1523 828 1596 ostendimus,
841 1524 934 1603 paulo
948 1535 1019 1586 ante
1034 1523 1072 1586 15

122 1623 215 1682 opem
240 1603 372 1663 tulerat:
406 1602 508 1678 (tanta
531 1602 662 1665 varietas
689 1603 725 1663 iis
752 1604 937 1683 temporibus
959 1605 1019 1667 fuit

122 1682 278 1757 fortunae,
292 1691 329 1744 ut
347 1683 437 1745 modo
458 1683 500 1756 hi,
515 1683 603 1743 modo
617 1683 664 1742 illi
678 1683 711 1743 in
723 1705 840 1745 summo
854 1695 950 1746 essent
963 1695 1018 1748 aut

124 1763 250 1844 fastigio
263 1774 319 1824 aut
333 1763 492 1843 periculo),
506 1762 698 1843 habebatque
711 1785 811 1824 secum
826 1764 865 1840 Q.
881 1764 1016 1828 Gellium

125 1843 256 1918 Canum,
270 1843 430 1924 aequalem
449 1844 698 1923 simillimumque
711 1845 765 1904 sui.
807 1843 878 1904 Hoc
898 1865 1016 1926 quoque

124 1926 166 1986 sit
185 1925 285 1987 Attici
307 1924 452 1985 bonitatis
473 1923 656 2003 exemplum,
674 1924 755 2003 quod
777 1944 846 1984 cum
868 1945 912 1998 eo,
926 1947 1014 2018 quem
1029 1925 1068 1988 20

125 2027 255 2086 puerum
270 2007 303 2066 in
319 2004 393 2065 ludo
407 2014 598 2084 cognoverat,
611 2004 686 2064 adeo
707 2004 865 2084 conjuncte
878 2006 966 2078 vixit,
980 2017 1015 2068 ut

124 2088 164 2147 ad
178 2095 347 2148 extremam
362 2094 492 2146 aetatem
508 2085 644 2145 amicitia
657 2103 760 2143 eorum
774 2085 909 2146 creverit.
950 2085 1014 2146 An·

125 2169 225 2228 tonius
239 2176 351 2238 autem,
365 2165 422 2226 etsi
436 2175 520 2225 tanto
534 2165 603 2225 odio
616 2163 770 2226 ferebatur
784 2165 815 2224 in
830 2164 1012 2241 Ciceronem,

125 2257 234 2308 utnon
248 2247 348 2307 solum
362 2246 399 2319 ei,
413 2246 464 2306 sed
485 2246 576 2306 etiam
591 2243 730 2304 omnibus
744 2245 807 2324 ejus
821 2245 925 2305 amicis
938 2257 1013 2308 esset

124 2328 274 2400 inimicus,
291 2347 400 2405 eosque
413 2326 507 2388 vellet
527 2324 720 2404 proscribere,
743 2324 846 2384 multis
868 2325 1012 2387 hortanti·
1026 2325 1065 2386 25

124 2407 179 2468 bus
193 2417 298 2468 tamen
311 2406 411 2467 Attici
424 2427 538 2466 memor
551 2405 611 2465 fuit
624 2405 723 2477 officii,
737 2413 767 2465 et
783 2404 818 2477 ei,
832 2425 901 2465 cum
917 2408 1012 2485 requi·

122 2489 216 2561 sisset,
239 2487 367 2548 ubinam
388 2496 472 2559 emet,
494 2507 548 2546 sua
570 2506 663 2545 manu
685 2485 811 2563 scripsit,
834 2506 871 2546 ne
893 2487 1011 2548 timeret

122 2570 225 2629 statim
248 2589 287 2628 ue
308 2567 349 2628 ad
370 2587 401 2627 se
414 2567 547 2639 veniret;
567 2587 683 2627 seeum
705 2574 735 2625 et
756 2564 839 2625 illius
853 2585 944 2626 causa
956 2567 1011 2627 Ca-

122 2669 194 2710 num
225 2589 263 2710 de
290 2649 526 2740 proscriptorum
553 2667 680 2706 numero
706 2646 857 2718 exemisse.
898 2646 947 2706 Aa
974 2668 1011 2707 ne

142 2732 204 2791 uod
218 2728 389 2810 periculum
408 2727 561 2800 1ncideret,
575 2726 657 2807 quod
678 2735 769 2784 noctu
790 2726 889 2799 fiebat,
903 2728 1011 2805 praesi-
1025 2727 1064 2788 30

154 2831 208 2870 um
232 2811 261 2870 ei
285 2809 376 2868 misit.
417 2807 467 2868 Sic
487 2807 608 2867 Atticus
633 2807 666 2864 in
686 2825 803 2865 summo
824 2806 931 2866 timore
950 2827 1010 2867 non

122 2890 220 2950 solum
241 2888 309 2961 sibi,
323 2888 375 2948 sed
396 2888 488 2948 etiam
508 2888 544 2958 ei,
559 2905 650 2964 quem
671 2885 857 2947 carissimum
871 2886 1010 2961 habebat,

122 2969 272 3050 praesidio
286 2969 355 3028 fuit.
396 2967 503 3046 Neque
522 2967 602 3025 euim
624 2985 697 3024 suae
717 2967 812 3026 solum
827 2986 1011 3045 equaquam

122 3050 274 3110 auxilium
290 3048 378 3127 petiit
391 3047 505 3118 salutis,
516 3046 567 3106 sed
582 3045 781 3124 conjunctim
797 3056 831 3106 ut
844 3056 1011 3125 appareret,

121 3130 241 3189 nullam
262 3130 428 3206 sejunctam
449 3127 506 3187 sibi
521 3126 609 3186 abeo
624 3124 704 3185 velle
718 3126 879 3186 fortunam.
921 3124 1012 3200 Quod
1027 3127 1065 3186 35

122 3211 145 3270 si
166 3210 355 3288 gubernator
371 3208 533 3286 praecipua
547 3205 639 3265 laude
653 3205 757 3277 fertur,
771 3207 824 3285 qui
845 3224 953 3263 navem
975 3227 1013 3267 ex
1086 3213 1090 3218 '

122 3289 220 3351 hieme
239 3289 378 3366 marique
397 3287 553 3366 scopuloso
574 3292 684 3354 servat,
699 3303 753 3342 cur
773 3304 833 3343 non
854 3282 1015 3358 singularis

122 3371 183 3451 ejus
198 3369 390 3431 existimetur
404 3367 575 3446 prudentia,
590 3363 643 3441 qui
665 3382 703 3420 ex
724 3370 769 3420 tot
782 3370 904 3434 tamque
919 3361 1016 3434 gravi·

122 3451 177 3514 bus
189 3448 334 3577 prpe-algis
348 3445 489 3508 civilibus
504 3445 544 3505 ad
558 3441 797 3501 incolumitatem
812 3435 969 3512 pervenit?

315 3541 388 3589 epos.
