2475 3792
475 236 730 285 nrnrmnns.
793 195 799 210 ⁴
1032 222 1075 286 13

126 393 236 458 Graeci
256 415 376 475 genere,
390 394 504 455 liberos
525 416 544 456 a
563 394 727 454 Persarum
747 394 865 456 futuros
885 394 1020 456 domina·

126 477 210 538 tione
228 486 257 537 et
277 477 425 556 periculo.
469 476 507 535 Id
532 486 562 536 et
586 475 675 535 facile
699 477 775 536 effici
799 497 901 555 posse;
928 486 1020 555 ponte
1046 497 1053 523 ¹

1066 450 1078 479 Ι

20 598 24 609 -
126 558 211 617 enim
233 559 365 630 rescisso,
390 577 494 635 regem
514 557 564 617 vel
588 556 722 616 hostium
746 556 826 616 ferro
846 557 895 616 vel
917 556 1020 635 inopia

19 685 24 707 ,
125 638 232 717 paucis
245 637 351 714 diebus
370 637 576 696 interiturum.
617 635 670 695 Ad
692 637 749 697 hoc
769 637 928 697 consilium
949 658 1018 696 cum

125 717 264 796 pler-ique
278 718 466 790 accederent,
481 716 638 776 Histiaeus
657 716 804 790 Milesius,
818 737 856 776 ne
870 737 916 776 res
930 717 1019 790 confi-
1052 719 1073 777 5

125 807 254 871 ceretur,
268 797 395 870 obstitit,
410 788 529 856 dicens:
550 817 611 856 non
625 797 706 856 idem
720 797 801 876 ipsis,
815 797 868 876 qui
886 817 1018 858 summas

124 877 247 956 imperii
261 886 408 950 tenerent,
422 877 565 958 eprlire
579 886 609 937 et
623 877 824 951 multitudini,
833 877 915 957 quod
929 877 1018 938 Darii

124 978 220 1036 regno
244 957 380 1036 ipsorum
403 957 551 1036 niter-etur
574 957 761 1029 dominatio;
785 977 845 1036 quo
869 958 1017 1034 exsti-neto

124 1038 206 1116 ipsos
219 1047 370 1117 potestate
383 1037 525 1116 expulsos
539 1038 657 1098 civibus
675 1037 737 1097 suis
754 1058 866 1116 poenas
884 1038 1015 1098 daturos.

125 1117 236 1197 Itaque
260 1118 336 1178 adeo
360 1138 391 1177 se
415 1117 577 1178 abhorrere
597 1139 616 1177 a
637 1127 804 1177 ceterorum
828 1118 960 1191 consilio,
983 1129 1017 1179 ut
1032 1119 1071 1179 10

20 1244 23 1259 .
124 1198 204 1258 nihil
229 1190 317 1277 putet
345 1199 417 1276 ipsis
442 1183 555 1271 utilius,
577 1218 670 1276 quam
694 1198 865 1258 confirmari
888 1219 1015 1278 regnum

20 1284 24 1337 ἱ
125 1279 298 1339 Persarum.
340 1277 444 1357 Hujus
472 1297 540 1337 cum
566 1277 748 1354 seutentiam
771 1278 896 1356 plurimi
919 1289 1016 1340 essent

21 1402 24 1441 :
124 1359 229 1431 secuti,
250 1358 416 1431 Miltiades,
437 1378 498 1418 non
518 1356 662 1434 dubi-tans
682 1367 746 1418 tam
765 1358 871 1418 multis
891 1360 1015 1440 consciis

124 1440 164 1500 ad
179 1439 259 1518 regis
277 1459 365 1518 auges
379 1437 506 1498 consilia
519 1459 574 1498 sua
588 1446 781 1516 perventura,
796 1438 1014 1500 Chersonesum

124 1519 250 1598 reliquit
263 1539 300 1580 ac
314 1539 418 1578 rursus
432 1517 570 1578 Athenas
590 1501 780 1596 demigravit.
822 1517 917 1598 Cujus
937 1521 1014 1596 ratio
1030 1520 1069 1580 15

124 1601 179 1660 etsi
192 1619 257 1660 non
270 1599 379 1678 valuit,
394 1607 498 1659 tamen
513 1619 695 1678 magnopere
708 1608 753 1659 est
765 1599 930 1674 laudanda,
944 1621 1014 1660 cum

123 1681 252 1740 amicior
274 1681 411 1740 omnium
435 1679 570 1761 liber-tati
594 1690 688 1760 quam
710 1699 783 1740 suae
805 1679 897 1740 fucrit
921 1681 1015 1741 domi·

122 1761 250 1820 nationi.

162 1841 222 1902 IV.
245 1840 360 1901 Darius
374 1849 487 1914 autem,
501 1861 570 1901 cum
591 1859 631 1901 ex
651 1840 777 1920 Europa
796 1841 829 1902 in
843 1840 950 1902 Asiam
970 1863 1014 1902 re

122 1921 223 1999 disset,
238 1920 433 1994 hortantibus
452 1921 565 1996 amicis,
579 1929 614 1982 ut
631 1919 791 1982 Graeciam
812 1923 961 2002 redigeret
980 1921 1067 1982 11120

121 2023 207 2062 auam
220 2010 410 2082 potestatem,
421 2001 545 2062 classem
554 2003 788 2080 quingentarum
798 2003 925 2079 nav-ium
935 2025 1013 2064 com·

18 2083 19 2100 ¹
122 2083 245 2163 paravit
259 2083 347 2161 eique
361 2081 468 2142 Datim
483 2083 627 2160 praefiecit
646 2091 677 2142 et
690 2082 932 2160 Artaphernem
953 2085 1011 2144 his-

121 2183 180 2242 que
201 2163 335 2245 ducenta
355 2162 502 2241 peditum,
523 2161 626 2222 decem
646 2162 732 2222 milia
752 2163 888 2241 equitum
908 2164 992 2224 dedit
1003 2187 1010 2237 ;

17 2309 18 2312 Ἴ
121 2264 244 2304 causam
274 2243 463 2314 interserens,
487 2262 517 2302 se
540 2243 657 2302 hostem
684 2263 745 2302 esse
767 2243 1009 2319 Atheniensibus,

121 2324 202 2404 quod
217 2343 323 2384 eorum
336 2309 455 2382 auxilio
472 2321 559 2383 Iones
580 2323 689 2383 Sardes
708 2333 931 2403 expugnassent
944 2346 1010 2386 sua·
1024 2325 1063 2384 25

121 2425 180 2483 que
207 2403 361 2482 praesidia
389 2403 614 2464 interfecissent.
669 2402 723 2462 Illi
751 2404 895 2484 praefecti
925 2407 1009 2484 regii,

122 2485 215 2552 classe
229 2484 270 2544 ad
285 2483 444 2543 Euboeam
458 2484 595 2570 appplsa,
610 2484 747 2544 celeriter
760 2485 913 2545 Eretriam
927 2506 1010 2564 cepe·

121 2574 193 2625 runt
212 2584 379 2642 omnesque
399 2564 462 2643 ejus
475 2575 476 2578 ’
482 2565 579 2642 gentis
600 2565 680 2626 cives
700 2565 840 2643 abreptos
856 2567 888 2624 in
901 2565 1009 2626 Asiam

120 2645 160 2706 ad
180 2665 284 2724 regem
305 2645 460 2704 miserunt.
502 2644 579 2705 Inde
602 2645 643 2705 ad
663 2645 800 2705 Atticam
823 2655 1010 2707 accesserunt

120 2746 156 2785 ac
176 2745 247 2786 suas
268 2726 371 2803 copias
391 2723 423 2782 in
444 2744 585 2802 campum
605 2724 790 2785 Marathona
808 2724 1008 2787 deduxerunt.
1023 2721 1063 2784 30

121 2804 151 2864 Is
165 2817 210 2866 est
224 2804 265 2864 ab
279 2803 392 2883 oppido
406 2803 525 2864 circiter
538 2805 624 2864 milia
633 2825 776 2884 pampum
787 2805 897 2866 decem.
939 2805 1009 2866 Hoc

120 2887 257 2968 tumultu
272 2875 479 2944 Athenienses
487 2893 550 2943 tam
564 2887 734 2964 propinquo
754 2894 877 2963 tamque
897 2906 1009 2963 magno

120 2965 250 3044 permoti
264 2965 416 3024 auxilium
432 2984 579 3042 nusquam
595 2962 686 3026 nisi'a
699 2965 946 3025 Lacedaemoniis
960 2987 1009 3043 pe·

120 3042 265 3116 tive'r'unt
281 3044 564 3122 Phidippidemque
579 3065 729 3104 cursorem
745 3044 807 3122 ejus
820 3046 945 3122 generis,
957 3046 1009 3123 qui

121 3125 369 3216 hememdromoe
394 3133 550 3197 vocantur,
571 3112 830 3184 Lacedaemonem
854 3125 1008 3196 miserunt,
1023 3123 1063 3182 35

121 3215 155 3264 ut
167 3212 336 3276 nunnaret,
351 3204 546 3280 quamceleri
562 3225 638 3281 opus
656 3212 732 3262 esset
751 3204 876 3260 auxilio.
917 3204 1010 3260 Domi

121 3295 224 3344 autem
248 3290 356 3342 creant
380 3283 482 3342 decem
506 3292 668 3359 praetores,
688 3280 741 3356 qui
761 3279 908 3336 exercitui
927 3298 1011 3352 prae-

121 3371 227 3434 meent,
241 3362 276 3420 in
290 3361 334 3419 eis
348 3359 529 3418 Miltiadem.
571 3359 658 3416 luter
668 3375 742 3432 quos
754 3373 866 3427 magna
876 3353 935 3407 fuit
945 3371 1012 3428 con·

122 3433 227 3514 teritio,
248 3450 357 3500 utrum
380 3438 537 3498 moenibus
559 3455 590 3494 se
614 3433 808 3493 defenderent
832 3446 873 3483 an
892 3425 1013 3498 olidam

151 3517 183 3538 θ’
301 3519 325 3531 ν
461 3526 490 3540 ,,
712 3514 744 3528 ..ο
