2475 3792
455 253 668 300 CORNELII
697 253 890 300 NEPOTIS.

168 484 172 490 Δ
226 411 283 471 tim
297 419 368 472 sunt
388 409 509 470 relatae
551 409 658 489 Neque
680 419 781 470 tamen
803 409 836 470 hi
859 409 1020 469 admodum
1039 418 1102 470 sunt

227 491 326 551 multi.
376 491 633 551 Lacedaemonius
667 500 769 550 autem
797 489 958 568 Agesilaus
985 490 1102 561 nomine,

228 592 288 632 non
303 580 449 650 potestate
463 571 522 630 fuit
537 591 599 643 rex,
613 569 691 630 sicut
705 571 795 630 ceteri
809 570 961 649 Spartani.
1001 569 1048 629 Ex
1061 569 1102 627 his

227 672 308 724 vero,
323 652 375 731 qui
396 651 584 711 dominatum
605 650 731 728 imperio
746 659 916 721 tenuerunt,
930 649 1103 709 excellentis-

109 745 114 751 ”
195 732 296 793 bsimi
316 732 449 803 fuerunt,
463 739 498 790 ut
518 750 571 789 nos
587 731 770 814 judicamus,
785 729 945 790 Persarum
966 727 1058 809 Cyrus
1076 738 1104 788 et

228 812 350 885 Darius,
374 810 522 890 Hystaspi
547 809 644 888 filius;
672 830 800 888 quorum
825 818 951 888 uterque
977 810 1104 888 privatus

227 893 341 953 virtute
367 911 493 970 regnum
521 899 566 951 est
592 891 727 968 adeptus.
778 889 865 950 Prior
893 890 1000 949 horum
1029 889 1105 968 apud

227 972 412 1051 Massagetas
426 972 458 1030 in
472 971 586 1050 proelio
596 971 721 1041 cecidit;
742 970 856 1030 Darius
869 979 1020 1030 senectute
1032 969 1107 1029 diem

227 1053 302 1113 obiit
315 1072 497 1132 supremum.
539 1051 611 1110 Tres
631 1061 702 1110 sunt
715 1060 869 1130 praeterea
883 1050 1015 1129 ejusdem
1028 1071 1109 1128 gene

174 1133 213 1195 10
227 1134 277 1206 ris,
291 1132 412 1193 Xerxes
433 1141 464 1192 et
485 1132 546 1191 duo
567 1131 765 1203 Artaxerxes,
785 1131 958 1191 Macrochir
980 1139 1010 1190 et
1030 1129 1110 1189 Mne

226 1234 307 1273 mon.
347 1212 449 1273 Xerxi
463 1212 596 1271 maxime
605 1220 651 1271 est
664 1210 790 1284 illustre,
801 1211 882 1290 quod
896 1211 1038 1271 maximis
1048 1219 1113 1290 post

226 1293 382 1354 hominurn
393 1293 567 1354 memoriam
576 1291 758 1352 exercitibus
766 1300 847 1352 terra
856 1291 992 1369 marique
1000 1290 1114 1351 bellum

227 1373 332 1434 intulit
352 1373 506 1434 Graeciae.
548 1372 593 1433 At
616 1371 788 1432 Macrochir
809 1371 1003 1452 praecipuam
1024 1369 1115 1430 habet
1213 1401 1214 1412 κ

226 1453 348 1515 laudem
356 1453 558 1533 amplissimae
566 1452 845 1532 pulcherrimaeque
854 1451 1116 1530 corporisformae,

175 1536 214 1598 15
249 1555 320 1596 uam
334 1533 504 1594 incredibili
518 1533 640 1593 ornavit
654 1533 767 1592 virtute
781 1531 862 1592 belli.
904 1530 1047 1611 Namque
1062 1531 1116 1592 illo

227 1556 331 1676 Perses
350 1635 438 1674 nemo
452 1613 512 1673 fuit
526 1633 617 1673 manu
633 1613 755 1685 fortior3
777 1612 920 1672 Mnemon
934 1623 1039 1672 autem
1062 1613 1068 1624 “

226 1697 312 1757 titiae
334 1695 417 1756 fama
436 1694 547 1755 floruit.
589 1692 670 1753 Nam
694 1712 762 1753 cum
785 1693 890 1752 matris
911 1712 985 1752 suae
1006 1634 1117 1752 scelere

227 1777 373 1837 amisisset
396 1796 532 1847 uxorem,
556 1782 676 1834 tantum
703 1773 829 1832 indulsit
852 1773 959 1845 dolori,
983 1781 1020 1832 ut
1048 1793 1117 1832 eum

227 1859 323 1937 pietas
336 1857 477 1920 vinceret
520 1855 570 1914 Ex
592 1854 640 1914 his
662 1854 722 1914 duo
745 1852 848 1913 eodem
870 1847 992 1913 nomine
1011 1853 1116 1913 morbo

174 1938 214 2000 20
228 1949 355 1999 naturae
376 1937 512 1998 debitum
534 1937 747 2008 reddiderunt;
769 1933 874 2010 tertius
895 1932 934 1992 ab
954 1933 1117 1994 Artabano

226 2020 377 2098 praefecto
391 2019 470 2078 ferro
484 2018 681 2096 interemptus
695 2026 747 2077 est.

267 2099 310 2159 11.
332 2098 384 2158 Ex
397 2097 599 2158 Macedonum
619 2107 722 2157 autem
743 2106 832 2176 gente
852 2096 912 2162 duo
928 2095 1028 2156 multo
1043 2105 1116 2156 cete

227 2200 276 2241 ros
289 2187 511 2239 antecesserunt
524 2198 625 2237 rerum
640 2187 792 2256 gestarum
806 2177 922 2256 gloria;
944 2175 1115 2255 Philippus,
1212 2205 1213 2248 l

227 2261 383 2339 Amyntae
392 2259 481 2330 filius,
492 2268 522 2318 et
533 2258 712 2317 Alexander
726 2256 866 2336 Magnus
904 2256 1028 2316 Horum
1039 2256 1115 2316 alter

174 2339 214 2400 25
227 2339 386 2419 Babylone
406 2338 511 2399 morbo
525 2347 719 2417 consumptus
731 2347 793 2409 est;
814 2336 975 2416 Philippus
989 2335 1083 2414 Aegis
1097 2356 1115 2396 a

227 2419 388 2492 Pausania,
402 2440 470 2480 cum
485 2429 653 2497 spectatum
668 2417 755 2478 ludos
775 2418 841 2490 iret,
857 2417 948 2496 juxta
962 2416 1114 2477 theatrum

227 2501 341 2561 cccmus
361 2509 414 2560 est.
455 2498 544 2560 Unus
565 2499 714 2578 Epirotes,
735 2496 880 2577 Pyrrhus,
902 2497 954 2577 qui
975 2516 1045 2556 cum
1066 2516 1115 2574 po

227 2581 301 2661 pulo
316 2580 454 2640 Romano
470 2578 604 2639 bellavit.
646 2577 678 2638 Is
699 2598 768 2638 curn
784 2578 883 2657 Argos
905 2575 1050 2670 oppidum
1065 2595 1115 2654 op

228 2669 376 2740 pugnaret
391 2660 421 2718 in
437 2659 651 2738 Peloponneso,
662 2657 764 2737 lapide
778 2659 855 2718 ictus
868 2657 991 2718 interiit.
1026 2654 1114 2717 Unus

174 2741 215 2802 30
228 2743 300 2801 item
321 2739 450 2812 Siculus,
465 2739 629 2818 Dionysius
650 2740 740 2817 prior.
783 2737 864 2798 Nam
879 2746 909 2798 et
923 2757 1015 2797 manu
1029 2736 1114 2796 fortis

227 2831 258 2882 et
271 2819 344 2881 belli
359 2820 472 2898 peritus
485 2819 553 2892 fuit,
568 2829 607 2892 et,
622 2819 653 2878 id
667 2819 747 2897 quod
760 2819 793 2877 in
808 2827 938 2897 tyranno
952 2837 1012 2877 non
1026 2815 1114 2876 facile

228 2901 385 2980 reperitur,
408 2899 531 2959 minime
555 2899 742 2970 libidinosus,
765 2919 825 2958 non
850 2898 1032 2968 luxuriosus,
1054 2917 1114 2956 non

227 3001 347 3052 avarus,
370 2980 484 3039 nullius
505 2980 636 3058 denique
659 2979 702 3038 rei
724 2978 851 3057 cupidus
873 2978 931 3037 nisi
953 2975 1115 3056 singularis

227 3060 423 3140 perpetuique
439 3059 567 3138 imperii,
582 3059 621 3119 ob
635 3079 760 3137 eamque
775 3078 836 3117 rein
853 3057 991 3117 crudelis.
1033 3055 1113 3116 Nam
1154 3047 1159 3064 ’

174 3142 213 3202 35
228 3141 301 3200 dum
316 3140 347 3199 id
361 3139 477 3198 studuit
498 3139 624 3211 munire,
639 3138 753 3198 nullius
774 3138 907 3217 pepercit
921 3138 1011 3210 vitae,
1025 3157 1113 3216 quem
1211 3193 1212 3204 ,

131 3229 136 3239 ’
227 3221 290 3280 e'us
303 3219 509 3278 insidiatorem
522 3227 652 3296 putaret.
694 3218 757 3278 Hic
771 3239 840 3278 cum
854 3218 968 3279 virtute
982 3217 1113 3297 tyranni-

227 3242 295 3359 dem
309 3298 366 3358 sibi
381 3299 551 3376 peperimet,
564 3319 677 3377 magna
698 3299 823 3358 retinuit
836 3298 998 3371 felicitate;
1020 3299 1113 3378 major

226 3378 306 3438 enim
321 3398 414 3437 annos
436 3378 595 3456 sexaginta
613 3387 703 3438 natus
723 3378 848 3438 decessit
868 3378 994 3439 florente
1014 3398 1112 3456 regno,

225 3477 322 3536 neque
336 3457 367 3515 in
382 3466 445 3516 tam
458 3457 562 3516 multis
582 3458 670 3517 annis
691 3459 868 3538 cujusquam
888 3479 928 3518 ex
948 3479 1004 3519 sua
1024 3461 1113 3538 stirpe
