2475 3792
160 199 202 264 64
438 215 650 263 coauanu
679 216 871 263 acroma

212 371 346 433 Probata
369 391 410 446 re,
434 371 626 452 colloquendi
649 379 768 451 tempus
791 373 922 433 sumitur
944 372 1091 452 locusque,

211 473 271 532 quo
295 453 513 515 conveniretur.
554 453 628 512 Huc
651 453 845 513 Mithridates
865 474 936 513 cum
955 475 1026 526 uno,
1046 455 1092 513 cui

211 534 378 592 maximam
403 533 534 593 habebat
558 532 658 604 fidem,
681 543 753 594 ante
776 534 892 612 aliquot
916 534 980 593 dies
1002 535 1093 606 venit,

211 613 475 692 compluribusque
489 613 562 674 locis
575 610 738 692 separatim
751 613 868 692 gladios
881 612 993 686 obruit,
1003 634 1095 691 eaque

178 694 197 754 5
212 693 278 754 loca
292 693 453 772 diligenter
465 703 558 754 notat.
600 693 671 772 lpse
688 703 789 753 autem
803 693 946 772 colloquii
961 694 1010 753 die
1025 694 1094 753 utri-

212 794 278 853 que,
294 773 394 833 locum
408 774 460 852 qui
474 774 669 852 explorarent
682 783 773 852 atque
786 773 865 851 ipsos
881 785 1095 845 scrutarentur,

212 854 345 914 mittunt.
388 852 506 913 Deinde
519 854 577 932 ipsi
591 862 662 913 sunt
676 854 832 931 congressi.
873 852 937 912 Hic
956 873 1028 912 cum
1045 854 1097 911 ali-

212 935 358 1027 quamdiu
371 934 403 992 in
418 933 567 1012 colloquio
578 933 705 993 fuissent
718 942 748 993 et
761 933 879 994 diverse
888 933 1097 1004 discessissent,

213 1034 339 1094 Jamque
354 1014 461 1092 procul
480 1013 627 1074 Datames
647 1012 771 1085 abesset,
785 1013 991 1085 Mithridates,
1005 1013 1099 1092 prius-

159 1100 198 1161 10
211 1115 303 1174 quam
324 1095 365 1155 ad
383 1115 452 1154 suos
472 1093 652 1173 perveniret,
666 1113 704 1152 ne
722 1114 814 1172 quam
834 1093 1036 1172 suspicionem
1049 1113 1099 1172 pa-

211 1185 299 1251 reret,
321 1176 355 1236 in
378 1175 507 1236 eundem
534 1175 636 1236 locum
662 1174 825 1235 revertitur
851 1183 943 1252 atque
970 1173 1024 1246 ibi,
1047 1173 1100 1233 ubi

210 1256 308 1318 telum
321 1265 386 1317 erut
400 1256 583 1335 impositum,
597 1254 715 1328 resedit,
729 1263 764 1314 ut
777 1254 802 1314 si
816 1253 995 1314 lassitudine
1014 1275 1100 1332 eupe-

211 1346 259 1399 ret
272 1338 467 1417 acquiescere,
481 1336 705 1415 Datamemque
724 1336 887 1408 revocavit,
901 1335 1051 1395 simulans
1069 1355 1100 1394 se

212 1418 358 1498 quiddam
372 1418 404 1477 in
418 1417 568 1497 colloquio
588 1437 652 1478 esse
670 1416 809 1476 oblitum.
850 1414 980 1476 Interim
994 1415 1099 1488 telum,
1205 1420 1206 1439 ¹

159 1501 198 1565 15
212 1498 294 1578 quod
307 1499 430 1570 latebat,
441 1497 569 1576 protulit
578 1498 787 1575 nudatumque
797 1496 910 1574 vagina
920 1506 1004 1557 veste
1014 1496 1100 1568 texit,

212 1599 248 1641 ac
262 1578 388 1639 Datami
402 1578 534 1640 venienti
553 1579 606 1652 ait,
621 1577 838 1656 digredientem
851 1596 889 1638 sc
909 1576 1099 1638 animadver-

212 1659 282 1720 tisse
292 1660 393 1720 locum
403 1659 563 1739 quendam,
574 1659 627 1738 qui
640 1667 706 1717 erat
719 1657 752 1716 in
765 1664 935 1736 conspectu,
945 1657 987 1716 ad
1002 1667 1103 1717 castra

211 1739 351 1818 ponenda
374 1760 436 1799 esse
459 1739 609 1798 idoneum.
652 1738 752 1815 Quem
772 1758 842 1796 cum
862 1737 958 1815 digito
980 1737 1104 1796 demon-

212 1829 320 1879 straret
334 1828 363 1878 et
377 1819 430 1878 ille
443 1818 611 1898 respiceret,
622 1839 761 1879 aversum
775 1818 854 1876 ferro
868 1815 1032 1888 transfixit,
1043 1818 1105 1895 pri·
1211 1860 1212 1873 .

158 1906 198 1967 20
212 1919 306 1978 usque
326 1919 418 1979 quam
439 1899 598 1978 quisquam
619 1906 718 1977 posset
737 1916 919 1968 succurrere,
940 1897 1104 1956 interfecit.

212 1979 262 2040 Ita
282 1979 336 2039 ille
355 1979 413 2052 vir,
434 1978 486 2056 qui
510 1978 622 2038 multos
646 1978 779 2049 consilio,
799 1977 951 2036 neminem
971 1976 1106 2056 perfidia

211 2069 342 2139 ceperat,
354 2059 498 2120 simulata
512 2067 617 2138 captus
631 2067 676 2118 est
688 2057 831 2119 amicitia

495 2307 810 2321 —————-———

372 2507 462 2580 XV.
492 2505 935 2578 llPrlMINONDAS.

549 2670 761 2711 —oomw—

252 2782 277 2843 Ι.
300 2781 713 2860 Erau1rorons,Polymni
733 2781 823 2853 filius,
837 2780 1008 2843 Thebanus.
1051 2780 1105 2843 De

212 2864 269 2924 hoc
283 2863 458 2943 priusquam
473 2861 639 2933 scribimus,
651 2861 725 2920 haec
735 2861 947 2942 praecipienda
955 2862 1105 2923 videntur

160 2947 198 3007 25
213 2943 383 3014 lectoribus,
398 2963 436 3002 ne
456 2942 569 3002 alienos
594 2961 690 3000 mores
715 2941 755 3000 ad
779 2962 847 3000 suos
867 2942 1009 3014 referant,
1023 2962 1104 3003 neve

192 3045 257 3095 ea,
272 3043 349 3102 quae
369 3022 440 3100 ipsis
461 3022 575 3084 leviora
595 3030 674 3092 sunt,
688 3021 755 3100 pari
774 3021 862 3080 modo
883 3021 966 3099 apud
986 3031 1104 3082 ceteros

213 3104 303 3163 fuisse
330 3103 523 3162 arbitrentur.
578 3102 696 3161 Scimus
722 3102 802 3161 enim
830 3102 963 3161 musicen
989 3103 1102 3163 nostris

213 3182 347 3242 moribus
374 3181 475 3242 abesse
503 3203 521 3242 a
548 3181 693 3260 principis
720 3202 862 3260 persona;
891 3181 1003 3242 saltare
1027 3203 1101 3244 vero

214 3262 305 3321 etiam
325 3260 359 3320 in
378 3260 462 3321 vitiis
503 3261 571 3319 oni:
594 3275 671 3337 quae
691 3261 794 3320 omnia
814 3261 897 3339 apud
917 3260 1050 3322 Graecos
1070 3271 1103 3322 et

160 3341 199 3400 30
212 3348 301 3418 grata
319 3347 349 3400 et
366 3337 458 3398 laude
478 3281 570 3416 digna
590 3339 752 3398 ducuntur.
793 3340 871 3399 Cum
885 3351 987 3401 autem
1001 3343 1102 3421 expri-

213 3438 296 3480 mere
317 3418 481 3500 imaginem
505 3417 728 3479 consuetudinis
752 3425 844 3498 atque
864 3421 947 3482 vitae
969 3422 1102 3485 velimus
