2475 3792
160 243 223 306 120
445 255 656 302 oonnnnn
686 257 880 305 aaronis.

210 422 317 474 nactus
337 421 382 473 est
401 412 549 485 morbum,
570 432 659 492 quem
684 412 770 473 initio
795 421 825 472 et
849 412 912 490 ipse
936 421 967 472 et
990 412 1100 474 medici

211 501 461 570 contempserunt.
503 492 584 552 Nam
609 502 757 570 putarunt
780 513 841 552 asse
865 501 1030 564 tenesmon,
1052 493 1100 552 cui

211 573 343 634 remedia
367 571 477 632 celeria
501 572 663 651 faciliaque
686 572 940 651 proponebantur.
960 635 961 641 ,
983 571 1023 631 ln
1044 573 1100 633 hoc

211 675 280 714 cum
302 663 362 714 tres
384 672 498 712 mensas
520 653 583 712 sine
607 652 679 712 ullis
703 652 865 724 doloribus,
886 661 1100 731 praeterquam

178 736 284 814 liquos
311 753 349 793 ex
377 733 531 792 curatione
559 731 705 810 capiebat,
734 733 971 810 consumpsisset,
1000 733 1100 794 subito

210 824 296 874 tanta
320 814 367 875 vis
393 812 491 872 morbi
514 813 546 871 in
572 831 667 871 unum
692 813 866 872 intestinum
891 813 1043 892 prorupit,
1067 821 1102 872 ut

209 904 344 955 extremo
358 903 493 972 tempore
505 913 559 970 per
572 892 692 952 lumbos
705 893 823 952 fistulae
837 893 920 971 puris
935 893 1100 972 eruperint.

210 976 313 1054 Atque
325 974 383 1035 hoc
398 973 575 1053 priusquam
595 973 622 1032 ei
644 973 801 1045 accideret,
815 981 975 1052 postquam
990 973 1023 1031 in
1038 973 1102 1034 dias

209 1055 326 1116 dolores
338 1073 505 1116 accrescere
524 1053 680 1132 febresque
699 1053 854 1113 accessisse
873 1053 973 1125 sensit,
988 1052 1102 1132 Agrip

157 1136 195 1196 10
209 1156 279 1214 pam
293 1155 437 1214 generum
450 1134 489 1194 ad
503 1154 534 1194 se
547 1133 658 1194 accersi
674 1134 773 1212 jussit,
787 1142 817 1193 et
831 1141 900 1193 c'um
921 1153 955 1193 eo
977 1133 1014 1193 L.
1030 1133 1101 1194 Cor-

208 1215 323 1276 nelium
350 1214 483 1276 Balbum
510 1214 696 1293 Sextumque
723 1212 923 1274 Peducaeum.
973 1213 1042 1274 Hos
1067 1223 1101 1275 ut

208 1297 324 1358 venisse
334 1296 421 1368 vidit,
431 1296 462 1353 in
474 1295 610 1355 cubitum
621 1295 754 1367 innixus,
765 1298 782 1323 “
792 1293 977 1369 Quantam,’'
989 1294 1100 1373 inquit,

209 1381 340 1438 “curam
364 1376 612 1454 diligentiamque
635 1375 668 1433 in
690 1373 865 1435 valetudine
890 1395 958 1434 mea
982 1376 1099 1435 tuenda

208 1457 265 1517 hoc
289 1466 423 1535 tempore
446 1455 646 1527 adhibuerim,
670 1475 739 1514 cum
759 1475 813 1516 vos
841 1463 929 1514 testas
957 1454 1099 1528 habeam,

156 1537 194 1597 15
208 1537 285 1596 nihil
299 1556 416 1597 necesse
425 1545 470 1596 ast
483 1535 622 1614 pluribus
632 1535 733 1597 verbis
744 1555 986 1595 commemorare.
1023 1535 1099 1612 Qui-

208 1617 264 1677 bus
277 1617 429 1696 quoniam,
442 1626 477 1676 ut
497 1637 592 1694 spero,
606 1615 746 1688 satisfeci,
759 1635 807 1676 me
828 1615 905 1683 nihil
926 1615 1038 1694 reliqui
1059 1616 1099 1676 fe·

208 1697 289 1770 cisse,
300 1697 381 1777 quod
394 1697 435 1756 ad
448 1697 617 1756 sanandum
632 1716 680 1756 me
693 1695 865 1775 pertineret,
876 1694 1030 1774 reliquum
1045 1705 1097 1770 ast,

207 1786 242 1838 ut
263 1785 381 1857 egomet
402 1777 477 1836 mihi
501 1776 665 1836 consulam.
706 1776 745 1836 Id
765 1797 819 1837 vos
841 1776 982 1856 ignorare
1002 1776 1096 1837 nolui.

207 1857 288 1917 Nam
303 1857 378 1916 mihi
391 1867 452 1917 stat
464 1857 545 1917 alere
558 1857 698 1917 morbum
709 1857 851 1918 desinere.
864 1857 867 1864 ’
892 1855 1037 1936 Namque
1050 1857 1097 1918 his

153 1939 193 2000 20
206 1938 311 1998 diebus
330 1937 479 2016 quidquid
500 1937 559 1996 cibi
579 1937 702 2016 sumpsi,
723 1938 767 1998 ita
787 1937 919 2017 produxi
932 1939 1041 2012 vitam,
1062 1948 1096 2000 ut

206 2018 344 2078 auxerim
354 2018 471 2077 dolores
484 2017 548 2076 sine
560 2038 614 2096 spe
627 2016 741 2078 salutis.
784 2019 888 2095 Quare
901 2039 921 2078 a
929 2019 1016 2080 vobis
1027 2029 1095 2100 peto

204 2100 347 2178 primum,
371 2107 406 2159 ut
432 2097 590 2158 consilium
615 2098 746 2176 probetis
770 2120 887 2172 meum;
915 2099 1035 2174 deinde,
1058 2120 1096 2160 ne

204 2179 318 2239 trustra
331 2178 518 2239 dehortando
531 2179 678 2256 impedire
691 2179 867 2240 conemini.’'

244 2258 357 2318 XXII.
379 2255 450 2318 Hac
463 2259 598 2319 oratione
610 2259 717 2319 habita
730 2269 817 2322 tanta
830 2260 1001 2321 constantia
1014 2261 1096 2324 vocis

152 2340 191 2401 25
205 2348 296 2418 atque
310 2339 422 2411 vultus,
436 2349 544 2398 utnon
559 2357 598 2398 ex
612 2339 687 2412 vita,
700 2341 752 2400 sed
766 2362 805 2401 ex
819 2340 908 2401 domo
922 2341 954 2399 in
969 2341 1093 2402 domum

204 2418 358 2481 videretur
378 2421 518 2498 migrare,
532 2439 602 2479 cum
624 2420 745 2498 quidem
764 2421 906 2500 Agrippa
928 2442 997 2481 eum
1021 2421 1094 2482 flens

204 2508 295 2578 atque
305 2499 444 2560 osculans
453 2509 553 2559 oraret
563 2508 654 2580 atque
664 2500 842 2574 obsecraret,
853 2521 892 2560 ne
905 2502 945 2561 ad
959 2502 1001 2574 id,
1013 2502 1093 2581 quod

202 2589 314 2639 natura
334 2588 460 2659 cogeret,
475 2580 538 2658 ipse
558 2600 677 2660 quoque
696 2581 754 2641 sibi
774 2581 963 2655 acceleraret,
979 2591 1010 2641 et
1023 2601 1093 2660 quo

202 2660 286 2719 niam
301 2668 367 2720 tum
378 2680 496 2739 quoque
510 2670 608 2738 posset
622 2661 807 2740 temporibus
821 2682 981 2740 superesse,
992 2683 1024 2722 se
1035 2662 1092 2722 sibi

150 2742 189 2803 30
202 2741 323 2819 suisque
336 2750 509 2812 reservaret,
524 2760 626 2818 preces
646 2743 709 2820 ejus
728 2742 881 2802 taciturna
894 2763 949 2801 sua
963 2741 1093 2803 obstina-

202 2821 284 2880 tione
294 2820 445 2899 depressit.
488 2819 538 2880 Sic
548 2841 617 2880 cum
633 2821 760 2882 biduum
771 2821 838 2882 cibo
849 2842 880 2882 se
890 2823 1091 2895 abstinuisset,

202 2900 302 2960 subito
322 2900 413 2960 febris
433 2900 566 2973 decessit,
584 2902 739 2980 leviorque
760 2902 882 2962 morbus
903 2923 965 2962 asse
985 2904 1092 2983 coepit.

202 2980 317 3041 Tamen
331 2981 517 3059 propositum
531 2980 628 3041 nihilo
642 2983 737 3041 secius
755 2983 878 3062 peregit.
920 2982 1031 3062 Itaque
1045 2984 1093 3044 die

149 3060 1093 3202 ailincasciscerenturmu

202 3159 312 3276 Eliatus
321 3186 366 3277 ist
375 3218 407 3275 in
418 3187 613 3289 lecticula,'ut
627 3219 690 3296 ipse
701 3189 942 3298 praescripserat:
947 3223 1015 3280 sine
1027 3223 1092 3282 ulla

201 3316 312 3372 pompa
326 3297 448 3367 funeris,
463 3297 676 3356 comitantibus
690 3300 829 3360 omnibus
845 3301 939 3372 bonis,
954 3303 1091 3361 maxima

200 3374 286 3450 vulgi
295 3375 472 3451 frequentia.
500 3375 642 3452 Sepultus
652 3387 695 3436 est
702 3379 794 3456 juxta
804 3380 885 3438 viam
896 3380 1042 3458 Appiam,
1052 3382 1092 3442 ad

170 3453 341 3588 aqupntum
360 3453 501 3530 lapidem,
516 3454 548 3512 in
566 3467 761 3518 monumento
784 3459 823 3534 Q.
843 3459 978 3532 Caecilii,
997 3482 1092 3522 avun-

202 3549 239 3588 cu
253 3550 263 3586 1
276 3549 332 3589 sui.
