2475 3792
159 196 202 261 30
435 211 648 258 cosanum
680 212 873 259 NEPOTIS.

212 389 287 448 quos
313 368 468 429 invocatos
490 367 615 429 vidisset
642 368 675 427 in
701 368 776 441 foro,
800 389 904 429 omnes
924 370 1104 446 devocaret3

212 449 293 588 quod
320 449 419 508 facere
447 447 567 507 nullum
595 449 676 507 diem
700 449 969 528 praetermittebat
1012 451 1105 514 Nulli

234 529 284 589 des
305 529 376 608 ejus,
397 529 476 587 nulli
497 548 597 606 opera,
617 528 697 587 nulli
724 549 771 588 res
799 528 959 590 familiaris
986 531 1104 605 defuit;

212 609 323 668 multos
348 608 562 686 locupletavit3
591 607 760 686 complures
784 629 931 687 pauperes
955 620 1104 684 mortuos,

179 688 198 748 5
213 690 266 768 qui
280 689 360 748 unde
374 689 551 747 efferrentur
560 709 623 748 non
636 689 834 766 reliquissent,
845 709 900 749 suo
913 700 1041 768 sumptu
1052 712 1105 750 ex·

212 768 291 829 tulit.
333 768 382 829 Sic
406 788 438 827 se
461 768 591 846 gerendo
616 769 741 828 minime
761 776 805 829 est
824 768 1052 844 mirandum,si
1071 779 1104 832 et

212 850 276 910 vite
290 850 353 930 ejus
366 848 426 908 fuit
439 868 544 908 secura
558 856 588 908 et
601 869 682 908 mors
696 848 812 909 acerba.

543 1079 769 1089 ..—

431 1257 504 1329 VI.
536 1256 875 1330 LYSANDER.

547 1409 760 1450 -οοξοςοο-

250 1498 276 1560 Ι.
304 1497 487 1560 LYsAnnER
517 1497 775 1558 Lacedaemonius
801 1519 945 1577 magnam
973 1498 1103 1580 reliquit

210 1579 257 1640 sui
280 1579 403 1653 famam,
427 1579 524 1657 magis
547 1577 693 1638 felicitate
715 1600 807 1656 quam
828 1580 944 1640 virtute
966 1590 1100 1659 partam.

158 1661 196 1723 10
209 1659 409 1720 Athenienses
423 1659 503 1719 enim
517 1659 548 1717 iu
564 1658 796 1736 Peloponnesios
809 1668 895 1718 sexto
909 1667 940 1719 et
952 1660 1100 1722 vicesimo

209 1759 289 1800 anno
303 1739 419 1800 bellum
426 1747 567 1818 gerentes
586 1738 746 1798 confecisse
766 1747 901 1817 apparet
942 1739 1052 1818 Neque
1065 1740 1100 1800 id

209 1841 270 1900 qua
283 1820 399 1880 ratione
413 1827 589 1879 consecutus
602 1818 650 1889 sit,
666 1818 748 1878 latet.
790 1817 862 1878 Non
881 1818 963 1878 enim
981 1820 1100 1881 virtute

209 1901 256 1963 sui
283 1900 440 1972 exercitus,
465 1898 516 1958 sed
541 1898 731 1958 immodestia
751 1899 867 1958 factum
888 1908 933 1958 est
956 1900 1099 1961 adversa·

209 1982 332 2052 riorum,
347 1979 408 2057 qui,
422 1978 504 2057 quod
518 1979 599 2038 dicto
613 1979 769 2038 audientes
783 1979 1016 2058 imperatoribus
1034 1981 1098 2041 suis
1203 1979 1207 1983 ’

156 2061 195 2123 15
209 2081 270 2121 non
284 2068 378 2132 erant,
393 2059 536 2137 dispalati
550 2059 581 2117 in
595 2059 686 2136 agris,
700 2059 813 2119 relictis
826 2059 965 2132 navibus,
978 2059 1012 2118 in
1030 2061 1098 2120 hos·
1152 2072 1155 2076 ’

209 2142 286 2201 ti'nm
306 2147 455 2200 venerunt
475 2147 662 2218 potestatem.
703 2139 775 2216 Quo
795 2139 876 2199 facto
894 2139 1097 2201 Athenienses

209 2241 239 2281 se
256 2219 501 2280 Lacedaemoniis
522 2218 711 2279 dediderunt
752 2219 824 2279 Hac
837 2220 965 2280 victoria
978 2219 1098 2299 Lysan-

209 2301 262 2360 der
286 2300 391 2372 elatus,
415 2320 485 2359 curn
512 2307 603 2359 antea
629 2319 748 2378 semper
768 2299 910 2359 factiosus
930 2300 1097 2380 audaxque

209 2381 320 2452 fnisset,
341 2380 383 2438 sic
404 2379 460 2439 sibi
481 2379 617 2453 indulsit,
631 2389 667 2440 ut
683 2380 747 2459 ejus
767 2400 859 2458 opera
877 2380 910 2439 in
923 2381 1096 2441 maximum
1181 2399 1184 2405 ·

154 2463 195 2523 20
209 2461 312 2520 odium
337 2458 482 2520 Graeciae
506 2459 740 2521 Lacedaemonii
768 2461 968 2539 pervenerint
1010 2461 1095 2521 Nam

209 2561 278 2600 curn
305 2541 384 2600 hanc
411 2561 533 2600 causam
560 2539 793 2600 Lacedaemonii
821 2541 1010 2601 dictitassent
1035 2541 1095 2601 sibi

208 2640 270 2680 esse
289 2619 371 2692 belli,
391 2628 426 2679 ut
445 2619 680 2680 Atheniensium
699 2621 896 2699 impotentem
915 2622 1095 2682 dominatio-

208 2721 277 2760 nem
291 2700 497 2779 refringerent,
511 2710 672 2780 postquam
685 2701 769 2779 apud
781 2701 883 2780 Aegos
901 2701 1017 2761 flumen
1034 2702 1095 2781 Ly-

208 2781 316 2840 sander
329 2781 430 2840 classis
444 2781 575 2840 hostium
591 2790 636 2840 cst
649 2782 771 2859 potitus,
781 2781 860 2840 nihil
874 2781 959 2841 aliud
970 2783 1094 2842 molitus

153 2861 193 2921 25
207 2868 259 2932 est,
274 2880 366 2938 quam
379 2870 414 2919 ut
428 2881 529 2920 omnes
543 2861 681 2921 civitates
694 2861 727 2919 in
740 2881 796 2920 sua
808 2870 923 2921 teneret
936 2871 1093 2940 potestate,

208 2959 277 2998 curn
291 2939 322 2998 id
336 2959 367 2999 se
381 2940 690 3000 Lacedaemoniorum
704 2961 795 3001 causa
808 2941 907 3001 facere
926 2943 1093 3004 simularet.

207 3018 348 3097 Namque
368 3021 509 3097 undique,
528 3021 581 3098 qui
601 3019 834 3080 Atheniensium
855 3020 944 3080 rebus
964 3023 1094 3083 studuis-

207 3107 281 3170 sent,
295 3099 403 3176 ejectis,
418 3099 520 3158 decern
541 3100 695 3177 delegerat
709 3101 741 3157 in
756 3120 938 3178 unaquaque
957 3101 1091 3177 civitate,

207 3177 315 3254 quibus
339 3197 490 3236 summum
514 3178 677 3255 imperium
696 3188 935 3258 potestatemque
954 3182 1093 3241 omnium

153 3253 306 3315 adrerum
322 3257 528 3315 committeret.
571 3257 692 3315 Horum
706 3258 738 3315 in
752 3277 913 3316 numerum
931 3278 1020 3319 nemo
1041 3261 1093 3321 ad·

206 3333 391 3406 mittebatur,
412 3335 470 3394 nisi
491 3335 544 3412 qui
567 3344 621 3394 aut
641 3337 705 3413 ejus
728 3336 858 3414 hospitio
878 3338 1091 3416 contineretur,

206 3420 261 3472 aut
272 3433 304 3472 se
317 3412 399 3472 illius
413 3415 477 3474 fore
489 3414 647 3491 proprium
661 3414 721 3474 fide
735 3416 936 3479 confirmarat.
