2475 3792
181 226 224 292 82
456 241 669 289 connum
696 241 891 291 neroum.

234 399 298 461 Hic
321 398 473 480 equitibus
499 399 676 479 profligatis,
699 397 857 460 interfecto
883 397 961 460 duce
981 397 1117 472 (iratero,

233 480 339 541 multis
348 489 503 560 praeterea
516 489 547 540 et
559 480 693 540 maxime
701 478 854 540 nobilibus
868 480 972 558 captis,
982 480 1118 558 pedester

234 561 392 632 exercitus,
407 559 487 638 quod
509 559 539 618 in
564 580 600 619 ea
622 559 690 619 loca
710 568 776 620 erat
796 560 953 631 deductus,
966 568 1001 620 ut
1019 559 1119 620 invito

235 641 373 702 Eumene
382 639 462 699 elabi
475 659 536 699 non
550 648 657 718 posset,
667 660 772 719 pacem
784 639 824 699 ab
833 660 869 699 eo
878 639 975 718 petiit
1014 638 1118 714 Quam

201 723 304 784 licum
326 719 523 798 impetrasset,
536 719 569 778 in
589 718 649 779 fide
669 740 730 778 non
752 719 864 778 mansit
877 729 960 792 etse,
974 719 1064 779 simul
1084 738 1120 778 ac

234 800 344 882 potuit,
358 799 399 859 ad
412 798 613 877 Antipatrum
633 799 754 878 recepit
795 798 948 859 Eumenes
961 798 1120 859 Craterum

234 902 273 942 ex
298 880 363 941 acie
386 879 566 941 semivivum
588 879 704 940 elatum
724 898 859 939 recreare
877 879 1002 939 studuit
1042 878 1121 938 cum

235 961 267 1022 id
281 979 342 1021 non
356 968 462 1040 posset,
476 979 531 1039 pro
545 959 676 1020 hominis
693 959 841 1036 dignitate
861 979 976 1038 proque
994 959 1123 1038 pristina

236 1040 371 1103 amicitia
396 1045 541 1119 (namque
567 1039 622 1100 illo
649 1059 720 1099 usus
746 1047 821 1111 erat,
841 1038 1021 1099 Alexandro
1041 1039 1123 1110 vive,

183 1123 222 1185 10
236 1121 441 1198 familiariter)
462 1117 689 1198 amplo'funere
709 1118 820 1180 extulit
840 1139 966 1199 ossaque
979 1119 1012 1178 in
1024 1119 1125 1179 Mace

236 1201 359 1264 doniam
373 1200 462 1260 uxori
476 1201 588 1278 ejusce
602 1199 705 1260 liberis
717 1199 840 1259 remisit

277 1280 317 1344 V.
338 1279 426 1341 Haec
440 1280 513 1340 dum
534 1279 616 1358 apud
637 1279 871 1358 Hellespontum
885 1288 1043 1358 geruntur,
1057 1279 1127 1339 Per-

237 1363 337 1424 diceas
357 1361 440 1440 apud
461 1359 569 1420 Nilum
589 1359 704 1420 flumen
717 1359 896 1420 interficitur
916 1380 936 1419 a
956 1358 1084 1421 Seleuco
1098 1368 1128 1419 et

237 1443 393 1522 Antigono
407 1460 566 1519 rerumque
578 1460 698 1501 summa
715 1439 756 1499 ad
769 1438 970 1518 Antipatrum
983 1439 1128 1501 defertur.

185 1526 224 1588 15
238 1521 311 1596 Hic,
331 1521 384 1602 qui
411 1520 613 1593 deseruerant,
638 1519 773 1580 exercitu
801 1519 980 1598 suffragium
1003 1519 1128 1592 ferente,
1210 1552 1211 1561 ι

239 1603 347 1684 capitis
367 1601 504 1662 absentes
524 1601 719 1673 damnantur,
732 1600 766 1659 in
785 1600 833 1661 his
853 1599 1031 1661 Eumenes..
1058 1600 1128 1660 Hac

238 1684 292 1744 ille
304 1701 460 1762 percussus
474 1681 566 1760 plaga
587 1700 648 1741 non
669 1679 838 1754 succubuit,
856 1700 954 1760 neque
976 1701 1012 1742 eo
1034 1681 1129 1742 secius

238 1763 355 1826 bellum
369 1761 601 1822 administravit
643 1760 703 1822 Sed
716 1759 810 1822 exiles
830 1781 878 1821 res
897 1761 994 1821 animi
1013 1761 1129 1840 magni·

238 1845 375 1906 tudinem
403 1842 459 1904 etsi
492 1863 553 1903 non
586 1841 777 1922 frangebant,
804 1850 907 1903 tamen
941 1841 1127 1903 minuebant

185 1930 225 1990 20
240 1924 334 1984 Hunc
349 1943 527 2002 persequens
541 1920 725 2002 Antigonus,
739 1943 810 1983 cum
830 1922 913 1983 omni
926 1943 1037 2001 genere
1050 1923 1128 2002 copi·

240 2026 328 2066 arum
338 2004 516 2076 abundaret,
526 2023 614 2083 saepe
628 2003 661 2062 in
674 2003 833 2063 itineribus
841 2004 1022 2077 vexabatur,
1033 2024 1127 2083 neque

239 2105 385 2164 umquam
406 2083 444 2143 ad
466 2104 591 2143 manum
605 2084 746 2144 accedere
766 2083 885 2157 licebat,
899 2083 957 2143 nisi
978 2084 1027 2144 his
1046 2085 1126 2158 locis,

239 2165 349 2245 quibus
368 2163 457 2243 pauci
479 2164 583 2224 multis
596 2172 716 2242 possent
729 2164 872 2225 resistere
913 2163 972 2225 Sed
993 2175 1125 2226 extremo

239 2255 382 2325 tempore,
403 2264 473 2305 curn
493 2243 618 2304 consilio
638 2244 712 2322 capi
727 2265 788 2304 non
808 2253 915 2323 posset,
932 2245 1124 2306 multitudine

186 2328 226 2390 25
240 2325 415 2388 circumitus
428 2332 480 2384 est.
521 2323 607 2385 Hinc
627 2331 739 2398 tamen,
753 2324 858 2384 multis
877 2325 939 2385 suis
959 2325 1081 2398 amissis
1093 2346 1123 2386 se

239 2405 396 2485 expedivit
406 2413 436 2465 et
446 2404 478 2463 in
489 2404 647 2464 castellum
661 2404 822 2483 Phrygiae,
833 2405 915 2484 quod
928 2405 1014 2465 Nora
1027 2406 1121 2485 appel·

239 2486 332 2559 latur,
341 2484 485 2563 confugit
527 2483 565 2543 In
576 2504 636 2563 quo
647 2504 716 2544 cum
727 2485 995 2545 circumsederetur
1007 2495 1037 2546 et
1046 2507 1120 2548 vere

239 2575 332 2640 retur,
345 2585 384 2626 ne
397 2584 465 2626 uno
486 2564 552 2625 looo
571 2584 696 2624 manens
716 2583 808 2643 equos
821 2565 968 2626 militares
980 2567 1118 2645 perderet,

240 2647 322 2726 quod
341 2645 474 2724 spatium
494 2664 555 2704 non
576 2653 652 2704 esset
671 2644 818 2723 agitandi,
832 2645 979 2705 callidum
992 2646 1050 2706 fuit
1061 2648 1117 2725 ejus

186 2729 226 2792 30
240 2727 407 2798 inventum,
428 2724 683 2804 quemadmodum
703 2734 786 2785 stans
801 2726 975 2804 jumentum
996 2727 1116 2788 concale

240 2806 306 2867 fieri
319 2805 511 2884 exercerique
525 2813 704 2884 possetque
717 2804 860 2865 libentius
874 2814 905 2865 et
915 2806 982 2866 cibo
994 2815 1115 2867 uteretur

240 2896 271 2948 et
283 2906 304 2947 a
317 2885 449 2964 corporis
469 2892 554 2946 motu
567 2904 630 2945 non
644 2895 856 2946 removeretur.
897 2885 1114 2965 Substringebat

240 2974 334 3046 caput
352 2965 416 3025 loro
436 2964 537 3037 altius,
551 2984 644 3044 quam
665 2972 700 3025 ut
719 2965 870 3043 prioribus
890 2965 1017 3044 pedibus
1036 2967 1113 3046 plane

240 3055 352 3107 terram
363 3053 461 3122 posset
471 3044 636 3123 attingere;
657 3044 765 3106 deinde
779 3055 846 3123 post
855 3045 1030 3107 verberibus
1043 3067 1113 3125 coge

186 3129 227 3188 35
240 3125 295 3186 bat
316 3123 468 3184 exsultare
489 3132 520 3184 et
541 3124 638 3185 calces
662 3124 821 3185 remittere.
863 3125 927 3201 Qui
948 3134 1044 3186 motus
1060 3147 1112 3186 non

241 3204 341 3264 minus
360 3202 499 3265 sudorem
521 3203 702 3276 excutiebat,
738 3223 809 3264 uam
822 3204 847 3264 si
861 3205 893 3263 in
907 3205 1005 3283 spatio
1025 3206 1112 3266 decur-

240 3291 328 3344 reret
369 3281 440 3358 Quo
460 3281 574 3342 factum
596 3292 649 3354 est,
664 3224 744 3361 quob

240 3362 349 3435 visum,
363 3371 399 3420 ut
412 3381 507 3438 aeque
522 3362 662 3440 jumenta
678 3362 777 3422 nitida
790 3383 829 3422 ex
843 3362 966 3424 castello
980 3365 1112 3439 educeret,

241 3460 311 3501 cum
325 3440 494 3519 complures
513 3459 629 3502 meuses
648 3441 681 3502 in
701 3441 856 3505 obsidione
868 3443 982 3519 bussei,
995 3465 1031 3506 ac
1045 3447 1068 3506 si
1083 3447 1111 3508 in

766 3284 905 3344 omnibus
925 3284 1059 3346 mirabile
1075 3296 1112 3347 est
1206 3300 1207 3337 ἓ
