2475 3792
320 263 353 311 r.
383 263 638 312 rourosrus
667 264 857 312 urricus.
1024 247 1084 312 111

120 417 172 481 sic
197 420 331 500 accepit,
351 429 386 481 ut
407 421 558 481 neminem
581 421 614 480 in
637 420 824 499 provinciam
845 420 884 482 sit
904 427 1032 493 secutus,

121 499 256 561 honore
282 501 374 561 fuerit
401 511 568 573 contentus,
597 501 640 560 rei
676 501 834 561 familiaris
862 499 1033 580 despexerit

120 579 294 641 fructum:
316 581 429 659 quine
451 601 519 640 cum
544 581 583 656 Q.
599 580 721 659 quidem
745 581 887 642 Cicerone
901 580 1033 642 voluerit

121 661 174 720 ire
190 662 230 720 in
245 661 363 734 Asiam,
378 680 447 720 cum
469 660 552 739 apud
575 681 645 720 eum
667 661 758 738 legati
782 660 881 720 locum
895 661 1032 722 obtinere

122 751 247 819 posset.
291 741 363 800 Non
377 742 456 799 enim
472 741 576 800 decere
589 761 621 799 se
635 740 849 813 arbitrabatur,
864 762 933 801 cum
947 761 1032 820 prae·
1065 741 1085 801 5

121 831 241 880 turam
252 842 355 899 gerere
365 820 517 892 noluisset,
528 821 674 880 asseclam
689 840 749 880 esse
763 822 917 900 praetoris.
959 821 1031 898 Qua

122 901 161 958 in
177 922 217 960 re
231 921 294 960 non
312 901 409 961 solum
430 901 572 979 dignitati
593 899 752 972 serviebat,
766 901 817 960 sed
837 901 929 962 etiam
950 911 1031 962 tran·

124 981 296 1060 quillitati,
311 1001 380 1041 cum
400 981 581 1060 suspiciones
595 1001 714 1059 quoque
731 981 839 1042 vitaret
859 981 1029 1042 criminum.

125 1061 209 1136 Quo
223 1060 325 1133 fiebat,
340 1069 374 1120 ut
395 1062 457 1140 ejus
477 1059 671 1122 observantia
684 1059 822 1120 omnibus
836 1072 910 1121 esset
924 1062 1029 1134 carior,

124 1161 206 1200 cum
218 1162 287 1200 eam
298 1141 403 1211 officio,
417 1161 476 1201 non
487 1141 590 1201 timori
600 1160 697 1219 neque
707 1141 770 1218 spei
781 1140 875 1201 tribui
885 1141 1029 1203 viderent
1045 1143 1083 1204 10

174 1220 255 1281 V11.
270 1220 384 1281 Incidit
394 1220 607 1281 Caesarianum
618 1219 708 1281 civile
724 1219 846 1293 bellum,
857 1241 925 1282 cum
941 1221 1029 1282 habe·

127 1310 180 1361 ret
196 1322 294 1361 annos
310 1302 428 1362 circiter
447 1302 614 1380 sexaginta.
656 1299 738 1362 Usus
758 1311 803 1362 est
821 1303 929 1362 aetatis
942 1323 1029 1362 vaca·

128 1381 227 1452 tione,
264 1400 362 1458 neque
389 1401 420 1440 se
447 1400 598 1461 quoquam
635 1381 730 1441 movit
753 1401 793 1441 ex
817 1382 899 1443 urbe
940 1382 1029 1459 Quae

130 1463 243 1522 amicis
256 1463 318 1521 suis
331 1482 406 1540 opus
419 1461 540 1521 fuerant
560 1462 600 1521 ad
622 1462 800 1540 Pompeium
841 1461 1027 1523 toficiscenti·

130 1539 201 1613 bus,
218 1542 319 1601 omnia
340 1563 380 1601 ex
399 1562 454 1601 sua
474 1563 507 1602 re
520 1542 665 1602 familiari
680 1542 771 1602 dedit
814 1482 918 1621 ipsum
939 1543 1026 1604 Pom·
1041 1545 1080 1606 15

130 1623 240 1699 peium
254 1623 447 1700 conjunctum
461 1642 522 1681 non
536 1623 678 1683 offendit:
699 1622 819 1682 nullum
834 1623 873 1682 ab
888 1644 922 1683 eo
937 1623 1026 1684 habe·

132 1700 189 1761 bat
203 1711 424 1774 ornamentum,
439 1711 473 1761 ut
493 1703 593 1775 ceteri,
607 1704 660 1782 qui
682 1723 735 1782 per
749 1724 816 1762 eum
832 1713 886 1763 aut
899 1703 1025 1766 honores

133 1791 189 1841 aut
218 1782 341 1842 divitias
369 1791 525 1860 ceperant;
554 1804 684 1862 quorum
712 1784 823 1862 partim
853 1783 1024 1844 invitissimi

133 1871 235 1921 castra
249 1872 320 1921 sunt
333 1863 435 1934 secuti,
446 1864 557 1941 partim
571 1884 689 1923 summa
704 1885 772 1923 oum
787 1865 855 1944 ejus.
864 1864 1024 1926 offensione

134 1941 219 2001 domi
246 1952 462 2003 remanserunt.
503 1943 602 2004 Attici
630 1953 731 2004 autem
756 1945 838 2023 quies
867 1955 1022 2025 tantopere
1037 1947 1076 2008 20

133 2021 257 2082 caesari
271 2022 331 2081 fuit
351 2033 448 2101 grata,
462 2033 505 2097 ut,
520 2025 618 2085 victor
640 2045 708 2084 cum
732 2026 858 2104 privatis
880 2027 1023 2106 pecunias

132 2121 188 2180 per
203 2102 342 2180 epistolas
357 2103 527 2182 imperaret,
542 2104 612 2164 huic
627 2125 686 2164 non
700 2105 798 2164 solum
809 2106 950 2166 molestus
961 2127 1022 2167 non

132 2181 235 2255 firerit,
250 2183 301 2242 sed
322 2183 414 2243 etiam
434 2185 542 2244 sororis
562 2184 660 2244 filium
680 2193 710 2244 et
731 2185 770 2260 Q.
787 2184 962 2246 Ciceronem
983 2207 1022 2248 ex

132 2261 272 2340 Pompeii
283 2263 388 2324 castris
397 2265 581 2325 concesserit
622 2265 672 2325 Sic
681 2274 782 2326 vetere
792 2266 930 2327 instituto
940 2267 1022 2328 vitae

131 2342 240 2420 effugit
253 2364 333 2404 nova
345 2344 488 2422 pericula.
1036 2349 1074 2411 25

172 2421 267 2482 VIIL
288 2423 430 2483 Secutum
445 2435 489 2485 est
502 2426 590 2499 illud,
599 2428 696 2488 occiso
707 2428 842 2490 Caesare.
883 2429 961 2490 Cum
975 2449 1021 2490 res

130 2501 258 2580 publica
279 2523 369 2583 penes
391 2503 502 2566 Brutos
516 2507 671 2568 videretur
692 2530 753 2569 esse
776 2520 805 2570 et
825 2510 971 2582 Cassium,
985 2531 1021 2570 ac

130 2592 199 2642 tota
219 2583 326 2644 civitas
346 2603 378 2644 se
397 2585 437 2644 ad
457 2606 506 2646 eos
527 2589 708 2648 convertisse
722 2590 891 2650 videretur:
913 2591 955 2650 sic
976 2589 1020 2650 M.

130 2661 231 2722 Bruto
253 2683 324 2723 usus
342 2674 395 2738 est,
409 2674 444 2725 ut
465 2666 551 2726 nullo
572 2669 626 2728 ille
643 2668 814 2730 adolescens
836 2669 955 2750 aequali
979 2670 1021 2730 fa·

131 2742 281 2803 miliarius
292 2764 384 2823 quam
398 2745 542 2819 hossene,
553 2769 650 2826 neque
664 2749 762 2808 solum
773 2770 842 2810 eum
852 2750 1019 2829 principem
1034 2750 1074 2811 30

132 2823 250 2883 consilii
269 2823 403 2897 haberet,
426 2825 478 2886 sed
502 2827 593 2888 etiam
614 2829 647 2886 in
668 2829 817 2890 convictu.
858 2830 1020 2907 Excogita-

131 2910 198 2961 tum
212 2911 256 2963 est
269 2924 289 2963 a
302 2904 493 2983 quibusdam,
504 2917 538 2967 ut
553 2909 708 2987 privatum
723 2911 873 2970 aerarium
884 2909 1020 2970 Caesaris

131 2982 374 3044 interfectoribus
394 2985 433 3045 ab
454 2987 605 3066 equitibus
621 2987 766 3048 Romanis
781 2990 1019 3049 constitueretur.

131 3061 169 3121 Id
183 3062 273 3123 facile
282 3064 360 3123 effici
371 3085 454 3143 posse
465 3067 605 3126 arbitrati
619 3076 698 3139 sunt,
709 3068 734 3126 si
748 3078 778 3129 et
793 3068 943 3148 principes
957 3069 1020 3147 ejus

130 3143 244 3203 ordinis
258 3145 402 3222 pecunias
416 3147 618 3206 contulissent.
662 3145 770 3225 Itaque
791 3147 962 3226 appellatus
976 3156 1020 3207 est
1034 3147 1073 3206 35

130 3243 149 3282 a
172 3221 206 3282 (l.
231 3223 352 3296 Flavio,
377 3223 466 3284 Bruti
494 3226 648 3297 familiari,
674 3226 803 3298 Atticus,
829 3235 863 3283 ut
890 3225 953 3300 ejus
977 3226 1020 3283 rei

130 3303 269 3382 princeps
289 3324 352 3363 esse
366 3305 466 3365 vellet.
506 3305 552 3365 At
566 3306 627 3374 ille,
643 3304 696 3380 qui
710 3305 807 3361 officia
821 3300 924 3360 amicis
938 3321 1022 3376 prae·

130 3383 238 3444 standa
251 3382 317 3443 sine
330 3384 461 3443 factione
480 3384 677 3451 existimaret,
691 3395 866 3510 semperpue
879 3394 898 3430 a
909 3376 1021 3432 talibus

131 3484 161 3525 se
174 3463 308 3524 consiliis
328 3463 511 3534 removisset,
524 3459 695 3540 respondit:
717 3456 742 3513 si
756 3455 808 3533 qui
850 3450 964 3506 Brutus
984 3449 1022 3503 de
