<?xml version="1.0" encoding="UTF-8"?>
<!DOCTYPE html PUBLIC "-//W3C//DTD XHTML 1.0 Transitional//EN"
    "http://www.w3.org/TR/xhtml1/DTD/xhtml1-transitional.dtd">
<html xmlns="http://www.w3.org/1999/xhtml" xml:lang="en" lang="en">
 <head>
  <title>
</title>
<meta http-equiv="Content-Type" content="text/html;charset=utf-8" />
  <meta name='ocr-system' content='tesseract 3.04.00' />
  <meta name='ocr-capabilities' content='ocr_page ocr_carea ocr_par ocr_line ocrx_word'/>
</head>
<body>
  <div class='ocr_page' id='page_1' title='image "./corneliinepotis27nepogoog_0045.png"; bbox 0 0 2475 3792; ppageno 0'>
   <div class='ocr_carea' id='block_1_1' title="bbox 142 241 853 308">
    <p class='ocr_par' dir='ltr' id='par_1_1' title="bbox 142 241 853 308">
     <span class='ocr_line' id='line_1_1' title="bbox 142 241 853 308; baseline -0.01 0"><span class='ocrx_word' id='word_1_1' title='bbox 142 241 188 308; x_wconf 86' lang='lat'>40</span> <span class='ocrx_word' id='word_1_2' title='bbox 415 255 629 304; x_wconf 74' lang='lat' dir='ltr'>cosanum</span> <span class='ocrx_word' id='word_1_3' title='bbox 659 254 853 301; x_wconf 75' lang='lat' dir='ltr'>acroma</span> 
     </span>
    </p>
   </div>
   <div class='ocr_carea' id='block_1_2' title="bbox 335 601 945 678">
    <p class='ocr_par' dir='ltr' id='par_1_2' title="bbox 335 601 945 678">
     <span class='ocr_line' id='line_1_2' title="bbox 335 601 945 678; baseline -0.007 -1"><span class='ocrx_word' id='word_1_4' title='bbox 335 603 466 678; x_wconf 92' lang='lat' dir='ltr'>VIII.</span> <span class='ocrx_word' id='word_1_5' title='bbox 496 601 945 676; x_wconf 78' lang='lat' dir='ltr'><strong>THRASYBULUS.</strong></span> 
     </span>
    </p>
   </div>
   <div class='ocr_carea' id='block_1_3' title="bbox 530 765 745 806">
    <p class='ocr_par' dir='ltr' id='par_1_3' title="bbox 530 765 745 806">
     <span class='ocr_line' id='line_1_3' title="bbox 530 765 745 806; baseline 0 -9"><span class='ocrx_word' id='word_1_6' title='bbox 530 765 745 806; x_wconf 55' lang='lat' dir='ltr'>—oossoeoo—</span> 
     </span>
    </p>
   </div>
   <div class='ocr_carea' id='block_1_4' title="bbox 139 885 1085 2960">
    <p class='ocr_par' dir='ltr' id='par_1_4' title="bbox 194 885 1085 1211">
     <span class='ocr_line' id='line_1_4' title="bbox 234 885 1085 968; baseline -0.009 -13"><span class='ocrx_word' id='word_1_7' title='bbox 234 891 260 956; x_wconf 89' lang='grc' dir='ltr'>Ι,</span> <span class='ocrx_word' id='word_1_8' title='bbox 281 891 532 962; x_wconf 63' lang='lat' dir='ltr'>mmmmm,</span> <span class='ocrx_word' id='word_1_9' title='bbox 542 888 619 968; x_wconf 83' lang='lat' dir='ltr'>Lyci</span> <span class='ocrx_word' id='word_1_10' title='bbox 633 887 724 961; x_wconf 85' lang='lat' dir='ltr'>filius,</span> <span class='ocrx_word' id='word_1_11' title='bbox 737 885 940 948; x_wconf 78' lang='lat' dir='ltr'>Atheniensis,</span> <span class='ocrx_word' id='word_1_12' title='bbox 980 885 1015 946; x_wconf 86' lang='lat' dir='ltr'>Si</span> <span class='ocrx_word' id='word_1_13' title='bbox 1027 907 1085 966; x_wconf 88' lang='lat' dir='ltr'>per</span> 
     </span>
     <span class='ocr_line' id='line_1_5' title="bbox 194 967 1084 1048; baseline -0.009 -12"><span class='ocrx_word' id='word_1_14' title='bbox 194 993 226 1035; x_wconf 85' lang='lat' dir='ltr'>se</span> <span class='ocrx_word' id='word_1_15' title='bbox 238 974 337 1036; x_wconf 84' lang='lat' dir='ltr'>virtus</span> <span class='ocrx_word' id='word_1_16' title='bbox 349 972 414 1031; x_wconf 85' lang='lat' dir='ltr'>sine</span> <span class='ocrx_word' id='word_1_17' title='bbox 427 971 549 1031; x_wconf 89' lang='lat' dir='ltr'>fortuna</span> <span class='ocrx_word' id='word_1_18' title='bbox 558 968 756 1048; x_wconf 86' lang='lat' dir='ltr'>ponderanda</span> <span class='ocrx_word' id='word_1_19' title='bbox 764 968 813 1040; x_wconf 89' lang='lat' dir='ltr'>sit,</span> <span class='ocrx_word' id='word_1_20' title='bbox 823 968 939 1040; x_wconf 88' lang='lat' dir='ltr'>dubito,</span> <span class='ocrx_word' id='word_1_21' title='bbox 948 987 991 1026; x_wconf 89' lang='lat' dir='ltr'>an</span> <span class='ocrx_word' id='word_1_22' title='bbox 999 967 1084 1028; x_wconf 91' lang='lat' dir='ltr'>bunc</span> 
     </span>
     <span class='ocr_line' id='line_1_6' title="bbox 195 1047 1085 1134; baseline -0.009 -20"><span class='ocrx_word' id='word_1_23' title='bbox 195 1055 328 1134; x_wconf 89' lang='lat' dir='ltr'>primum</span> <span class='ocrx_word' id='word_1_24' title='bbox 348 1051 483 1112; x_wconf 90' lang='lat' dir='ltr'>omnium</span> <span class='ocrx_word' id='word_1_25' title='bbox 506 1070 626 1128; x_wconf 86' lang='lat' dir='ltr'>ponam.</span> <span class='ocrx_word' id='word_1_26' title='bbox 667 1047 752 1107; x_wconf 84' lang='lat' dir='ltr'>Illud</span> <span class='ocrx_word' id='word_1_27' title='bbox 771 1048 837 1108; x_wconf 91' lang='lat' dir='ltr'>sine</span> <span class='ocrx_word' id='word_1_28' title='bbox 854 1047 964 1108; x_wconf 87' lang='lat' dir='ltr'>dubio:</span> <span class='ocrx_word' id='word_1_29' title='bbox 989 1048 1085 1107; x_wconf 90' lang='lat' dir='ltr'>nemi-</span> 
     </span>
     <span class='ocr_line' id='line_1_7' title="bbox 194 1128 1085 1211; baseline -0.006 -18"><span class='ocrx_word' id='word_1_30' title='bbox 194 1155 264 1194; x_wconf 87' lang='lat' dir='ltr'>nem</span> <span class='ocrx_word' id='word_1_31' title='bbox 298 1132 370 1193; x_wconf 93' lang='lat' dir='ltr'>huic</span> <span class='ocrx_word' id='word_1_32' title='bbox 403 1130 540 1211; x_wconf 86' lang='lat' dir='ltr'>praefero</span> <span class='ocrx_word' id='word_1_33' title='bbox 569 1129 639 1203; x_wconf 85' lang='lat' dir='ltr'>fide,</span> <span class='ocrx_word' id='word_1_34' title='bbox 666 1129 844 1201; x_wconf 83' lang='lat' dir='ltr'>constantia,</span> <span class='ocrx_word' id='word_1_35' title='bbox 870 1128 1085 1206; x_wconf 75' lang='lat' dir='ltr'>magnimdine</span> 
     </span>
    </p>

    <p class='ocr_par' dir='ltr' id='par_1_5' title="bbox 139 1207 1085 2960">
     <span class='ocr_line' id='line_1_8' title="bbox 161 1207 1085 1305; baseline -0.006 -31"><span class='ocrx_word' id='word_1_36' title='bbox 161 1213 300 1286; x_wconf 73' lang='lat' dir='ltr'>banimi,</span> <span class='ocrx_word' id='word_1_37' title='bbox 313 1213 345 1272; x_wconf 92' lang='lat' dir='ltr'>in</span> <span class='ocrx_word' id='word_1_38' title='bbox 363 1211 495 1305; x_wconf 85' lang='lat' dir='ltr'>patriam</span> <span class='ocrx_word' id='word_1_39' title='bbox 514 1230 625 1272; x_wconf 84' lang='lat' dir='ltr'>amore.</span> <span class='ocrx_word' id='word_1_40' title='bbox 665 1207 747 1268; x_wconf 84' lang='lat' dir='ltr'>Nam</span> <span class='ocrx_word' id='word_1_41' title='bbox 768 1208 849 1288; x_wconf 91' lang='lat' dir='ltr'>quod</span> <span class='ocrx_word' id='word_1_42' title='bbox 869 1207 960 1267; x_wconf 89' lang='lat' dir='ltr'>multi</span> <span class='ocrx_word' id='word_1_43' title='bbox 980 1208 1085 1269; x_wconf 85' lang='lat' dir='ltr'>volue-</span> 
     </span>
     <span class='ocr_line' id='line_1_9' title="bbox 195 1288 1084 1372; baseline -0.007 -18"><span class='ocrx_word' id='word_1_44' title='bbox 195 1303 277 1367; x_wconf 86' lang='lat' dir='ltr'>runt,</span> <span class='ocrx_word' id='word_1_45' title='bbox 290 1313 380 1372; x_wconf 81' lang='lat' dir='ltr'>pauci</span> <span class='ocrx_word' id='word_1_46' title='bbox 393 1299 566 1371; x_wconf 83' lang='lat' dir='ltr'>potuerant,</span> <span class='ocrx_word' id='word_1_47' title='bbox 580 1290 620 1350; x_wconf 90' lang='lat' dir='ltr'>ab</span> <span class='ocrx_word' id='word_1_48' title='bbox 636 1310 700 1349; x_wconf 92' lang='lat' dir='ltr'>uno</span> <span class='ocrx_word' id='word_1_49' title='bbox 718 1303 850 1368; x_wconf 81' lang='lat' dir='ltr'>tyranno</span> <span class='ocrx_word' id='word_1_50' title='bbox 862 1288 994 1367; x_wconf 89' lang='lat' dir='ltr'>patriam</span> <span class='ocrx_word' id='word_1_51' title='bbox 1010 1288 1084 1348; x_wconf 86' lang='lat' dir='ltr'>libe·</span> 
     </span>
     <span class='ocr_line' id='line_1_10' title="bbox 195 1368 1083 1450; baseline -0.007 -16"><span class='ocrx_word' id='word_1_52' title='bbox 195 1395 281 1446; x_wconf 88' lang='lat' dir='ltr'>rare;</span> <span class='ocrx_word' id='word_1_53' title='bbox 300 1371 374 1432; x_wconf 92' lang='lat' dir='ltr'>buic</span> <span class='ocrx_word' id='word_1_54' title='bbox 385 1371 523 1450; x_wconf 87' lang='lat' dir='ltr'>contigit,</span> <span class='ocrx_word' id='word_1_55' title='bbox 535 1379 571 1430; x_wconf 89' lang='lat' dir='ltr'>ut</span> <span class='ocrx_word' id='word_1_56' title='bbox 583 1391 603 1429; x_wconf 89' lang='lat' dir='ltr'>a</span> <span class='ocrx_word' id='word_1_57' title='bbox 616 1370 744 1447; x_wconf 84' lang='lat' dir='ltr'>triginta</span> <span class='ocrx_word' id='word_1_58' title='bbox 757 1387 930 1447; x_wconf 74' lang='lat' dir='ltr'>oppressam</span> <span class='ocrx_word' id='word_1_59' title='bbox 942 1368 1083 1447; x_wconf 84' lang='lat' dir='ltr'>tyrannis</span> 
     </span>
     <span class='ocr_line' id='line_1_11' title="bbox 195 1448 1082 1527; baseline -0.007 -13"><span class='ocrx_word' id='word_1_60' title='bbox 195 1454 371 1516; x_wconf 83' lang='lat' dir='ltr'>eservitute</span> <span class='ocrx_word' id='word_1_61' title='bbox 383 1452 416 1510; x_wconf 91' lang='lat' dir='ltr'>in</span> <span class='ocrx_word' id='word_1_62' title='bbox 429 1451 600 1512; x_wconf 86' lang='lat' dir='ltr'>libertatem</span> <span class='ocrx_word' id='word_1_63' title='bbox 613 1450 793 1510; x_wconf 84' lang='lat' dir='ltr'>vindicaret.</span> <span class='ocrx_word' id='word_1_64' title='bbox 833 1448 892 1507; x_wconf 83' lang='lat' dir='ltr'>sed</span> <span class='ocrx_word' id='word_1_65' title='bbox 906 1448 1007 1508; x_wconf 81' lang='lat' dir='ltr'>nescio</span> <span class='ocrx_word' id='word_1_66' title='bbox 1020 1469 1082 1527; x_wconf 89' lang='lat' dir='ltr'>quo</span> 
     </span>
     <span class='ocr_line' id='line_1_12' title="bbox 195 1528 1083 1606; baseline -0.008 -11"><span class='ocrx_word' id='word_1_67' title='bbox 195 1534 294 1606; x_wconf 90' lang='lat' dir='ltr'>modo,</span> <span class='ocrx_word' id='word_1_68' title='bbox 308 1554 378 1593; x_wconf 93' lang='lat' dir='ltr'>cum</span> <span class='ocrx_word' id='word_1_69' title='bbox 397 1552 467 1592; x_wconf 88' lang='lat' dir='ltr'>eum</span> <span class='ocrx_word' id='word_1_70' title='bbox 487 1551 576 1592; x_wconf 89' lang='lat' dir='ltr'>nemo</span> <span class='ocrx_word' id='word_1_71' title='bbox 595 1531 725 1590; x_wconf 90' lang='lat' dir='ltr'>anteiret</span> <span class='ocrx_word' id='word_1_72' title='bbox 741 1529 789 1588; x_wconf 86' lang='lat' dir='ltr'>his</span> <span class='ocrx_word' id='word_1_73' title='bbox 801 1528 977 1601; x_wconf 83' lang='lat' dir='ltr'>virtutibus,</span> <span class='ocrx_word' id='word_1_74' title='bbox 990 1529 1083 1605; x_wconf 85' lang='lat' dir='ltr'>multi</span> 
     </span>
     <span class='ocr_line' id='line_1_13' title="bbox 142 1607 1082 1692; baseline -0.006 -18"><span class='ocrx_word' id='word_1_75' title='bbox 142 1618 182 1680; x_wconf 91' lang='lat'>10</span> <span class='ocrx_word' id='word_1_76' title='bbox 195 1614 355 1674; x_wconf 87' lang='lat' dir='ltr'>nobilitate</span> <span class='ocrx_word' id='word_1_77' title='bbox 378 1619 659 1692; x_wconf 84' lang='lat' dir='ltr'>praecucurrerunt</span> <span class='ocrx_word' id='word_1_78' title='bbox 699 1609 839 1670; x_wconf 90' lang='lat' dir='ltr'>Primum</span> <span class='ocrx_word' id='word_1_79' title='bbox 862 1607 1082 1688; x_wconf 89' lang='lat' dir='ltr'>Peloponnesio</span> 
     </span>
     <span class='ocr_line' id='line_1_14' title="bbox 195 1689 1082 1769; baseline -0.007 -14"><span class='ocrx_word' id='word_1_80' title='bbox 195 1695 277 1755; x_wconf 89' lang='lat' dir='ltr'>bello</span> <span class='ocrx_word' id='word_1_81' title='bbox 300 1692 398 1752; x_wconf 87' lang='lat' dir='ltr'>multa</span> <span class='ocrx_word' id='word_1_82' title='bbox 422 1692 471 1752; x_wconf 91' lang='lat' dir='ltr'>hic</span> <span class='ocrx_word' id='word_1_83' title='bbox 495 1692 560 1752; x_wconf 88' lang='lat' dir='ltr'>sine</span> <span class='ocrx_word' id='word_1_84' title='bbox 579 1689 743 1750; x_wconf 73' lang='lat' dir='ltr'><strong>Alcibiade</strong></span> <span class='ocrx_word' id='word_1_85' title='bbox 765 1691 865 1769; x_wconf 68' lang='lat' dir='ltr'>gessit,</span> <span class='ocrx_word' id='word_1_86' title='bbox 884 1689 940 1749; x_wconf 90' lang='lat' dir='ltr'>ille</span> <span class='ocrx_word' id='word_1_87' title='bbox 961 1689 1082 1750; x_wconf 89' lang='lat' dir='ltr'>nullam</span> 
     </span>
     <span class='ocr_line' id='line_1_15' title="bbox 195 1770 1082 1853; baseline -0.007 -17"><span class='ocrx_word' id='word_1_88' title='bbox 195 1795 259 1836; x_wconf 92' lang='lat' dir='ltr'>rem</span> <span class='ocrx_word' id='word_1_89' title='bbox 279 1774 345 1834; x_wconf 90' lang='lat' dir='ltr'>sine</span> <span class='ocrx_word' id='word_1_90' title='bbox 363 1773 437 1833; x_wconf 89' lang='lat' dir='ltr'>hoc:</span> <span class='ocrx_word' id='word_1_91' title='bbox 458 1792 537 1853; x_wconf 88' lang='lat' dir='ltr'>quae</span> <span class='ocrx_word' id='word_1_92' title='bbox 555 1770 609 1831; x_wconf 91' lang='lat' dir='ltr'>ille</span> <span class='ocrx_word' id='word_1_93' title='bbox 628 1771 770 1831; x_wconf 87' lang='lat' dir='ltr'>universa</span> <span class='ocrx_word' id='word_1_94' title='bbox 790 1770 927 1830; x_wconf 88' lang='lat' dir='ltr'>naturali</span> <span class='ocrx_word' id='word_1_95' title='bbox 947 1771 1082 1849; x_wconf 87' lang='lat' dir='ltr'>quodam</span> 
     </span>
     <span class='ocr_line' id='line_1_16' title="bbox 195 1850 1083 1916; baseline -0.006 0"><span class='ocrx_word' id='word_1_96' title='bbox 195 1855 275 1916; x_wconf 92' lang='lat' dir='ltr'>bono</span> <span class='ocrx_word' id='word_1_97' title='bbox 291 1854 363 1915; x_wconf 86' lang='lat' dir='ltr'>fecit</span> <span class='ocrx_word' id='word_1_98' title='bbox 380 1853 467 1914; x_wconf 80' lang='lat' dir='ltr'>lucri.</span> <span class='ocrx_word' id='word_1_99' title='bbox 507 1851 567 1913; x_wconf 83' lang='lat' dir='ltr'>Sed</span> <span class='ocrx_word' id='word_1_100' title='bbox 587 1850 645 1910; x_wconf 93' lang='lat' dir='ltr'>illa</span> <span class='ocrx_word' id='word_1_101' title='bbox 663 1860 767 1910; x_wconf 87' lang='lat' dir='ltr'>tamen</span> <span class='ocrx_word' id='word_1_102' title='bbox 785 1852 889 1911; x_wconf 91' lang='lat' dir='ltr'>omnia</span> <span class='ocrx_word' id='word_1_103' title='bbox 908 1851 1083 1911; x_wconf 88' lang='lat' dir='ltr'>communia</span> 
     </span>
     <span class='ocr_line' id='line_1_17' title="bbox 195 1930 1082 2015; baseline -0.003 -21"><span class='ocrx_word' id='word_1_104' title='bbox 195 1934 427 2015; x_wconf 82' lang='lat' dir='ltr'>imperatoribus</span> <span class='ocrx_word' id='word_1_105' title='bbox 454 1953 524 1993; x_wconf 90' lang='lat' dir='ltr'>cum</span> <span class='ocrx_word' id='word_1_106' title='bbox 551 1930 701 1991; x_wconf 82' lang='lat' dir='ltr'>militibus</span> <span class='ocrx_word' id='word_1_107' title='bbox 726 1940 757 1991; x_wconf 93' lang='lat' dir='ltr'>et</span> <span class='ocrx_word' id='word_1_108' title='bbox 783 1932 916 2005; x_wconf 82' lang='lat' dir='ltr'>fortuna,</span> <span class='ocrx_word' id='word_1_109' title='bbox 938 1932 1022 2010; x_wconf 89' lang='lat' dir='ltr'>quod</span> <span class='ocrx_word' id='word_1_110' title='bbox 1048 1932 1082 1991; x_wconf 91' lang='lat' dir='ltr'>in</span> 
     </span>
     <span class='ocr_line' id='line_1_18' title="bbox 142 2012 1082 2095; baseline -0.01 -14"><span class='ocrx_word' id='word_1_111' title='bbox 142 2019 182 2081; x_wconf 82' lang='lat'>15</span> <span class='ocrx_word' id='word_1_112' title='bbox 195 2016 303 2095; x_wconf 91' lang='lat' dir='ltr'>proelii</span> <span class='ocrx_word' id='word_1_113' title='bbox 322 2035 468 2076; x_wconf 83' lang='lat' dir='ltr'>concursu</span> <span class='ocrx_word' id='word_1_114' title='bbox 487 2012 552 2073; x_wconf 92' lang='lat' dir='ltr'>abit</span> <span class='ocrx_word' id='word_1_115' title='bbox 570 2033 617 2072; x_wconf 88' lang='lat' dir='ltr'>res</span> <span class='ocrx_word' id='word_1_116' title='bbox 635 2034 654 2072; x_wconf 89' lang='lat' dir='ltr'>a</span> <span class='ocrx_word' id='word_1_117' title='bbox 672 2012 796 2072; x_wconf 90' lang='lat' dir='ltr'>consilio</span> <span class='ocrx_word' id='word_1_118' title='bbox 810 2013 849 2073; x_wconf 89' lang='lat' dir='ltr'>ad</span> <span class='ocrx_word' id='word_1_119' title='bbox 863 2012 943 2074; x_wconf 81' lang='lat' dir='ltr'>vires</span> <span class='ocrx_word' id='word_1_120' title='bbox 956 2013 1082 2091; x_wconf 82' lang='lat' dir='ltr'>vimque</span> 
     </span>
     <span class='ocr_line' id='line_1_19' title="bbox 195 2092 1083 2176; baseline -0.002 -21"><span class='ocrx_word' id='word_1_121' title='bbox 195 2096 407 2176; x_wconf 75' lang='lat' dir='ltr'>pugnantium.</span> <span class='ocrx_word' id='word_1_122' title='bbox 448 2094 558 2174; x_wconf 91' lang='lat' dir='ltr'>Itaque</span> <span class='ocrx_word' id='word_1_123' title='bbox 572 2095 645 2173; x_wconf 87' lang='lat' dir='ltr'>jure</span> <span class='ocrx_word' id='word_1_124' title='bbox 661 2114 716 2154; x_wconf 89' lang='lat' dir='ltr'>suo</span> <span class='ocrx_word' id='word_1_125' title='bbox 735 2092 886 2153; x_wconf 88' lang='lat' dir='ltr'>nonnulla</span> <span class='ocrx_word' id='word_1_126' title='bbox 897 2092 939 2152; x_wconf 86' lang='lat' dir='ltr'>ab</span> <span class='ocrx_word' id='word_1_127' title='bbox 951 2093 1083 2172; x_wconf 89' lang='lat' dir='ltr'>impera-</span> 
     </span>
     <span class='ocr_line' id='line_1_20' title="bbox 196 2174 1082 2254; baseline -0.005 -18"><span class='ocrx_word' id='word_1_128' title='bbox 196 2186 261 2236; x_wconf 90' lang='lat' dir='ltr'>tore</span> <span class='ocrx_word' id='word_1_129' title='bbox 276 2176 371 2248; x_wconf 88' lang='lat' dir='ltr'>miles,</span> <span class='ocrx_word' id='word_1_130' title='bbox 385 2174 518 2254; x_wconf 88' lang='lat' dir='ltr'>plurima</span> <span class='ocrx_word' id='word_1_131' title='bbox 531 2195 603 2236; x_wconf 84' lang='lat' dir='ltr'>vero</span> <span class='ocrx_word' id='word_1_132' title='bbox 624 2174 747 2234; x_wconf 87' lang='lat' dir='ltr'>fortuna</span> <span class='ocrx_word' id='word_1_133' title='bbox 760 2174 905 2246; x_wconf 87' lang='lat' dir='ltr'>vindicat,</span> <span class='ocrx_word' id='word_1_134' title='bbox 918 2194 1011 2252; x_wconf 89' lang='lat' dir='ltr'>seque</span> <span class='ocrx_word' id='word_1_135' title='bbox 1030 2174 1082 2233; x_wconf 92' lang='lat' dir='ltr'>hic</span> 
     </span>
     <span class='ocr_line' id='line_1_21' title="bbox 195 2254 1083 2336; baseline 0 -22"><span class='ocrx_word' id='word_1_136' title='bbox 195 2257 265 2336; x_wconf 90' lang='lat' dir='ltr'>plus</span> <span class='ocrx_word' id='word_1_137' title='bbox 288 2256 419 2318; x_wconf 87' lang='lat' dir='ltr'>valuisse</span> <span class='ocrx_word' id='word_1_138' title='bbox 442 2277 534 2334; x_wconf 87' lang='lat' dir='ltr'>quam</span> <span class='ocrx_word' id='word_1_139' title='bbox 562 2255 648 2314; x_wconf 92' lang='lat' dir='ltr'>ducis</span> <span class='ocrx_word' id='word_1_140' title='bbox 670 2254 863 2333; x_wconf 89' lang='lat' dir='ltr'>prudentiam</span> <span class='ocrx_word' id='word_1_141' title='bbox 887 2274 960 2314; x_wconf 79' lang='lat' dir='ltr'>vere</span> <span class='ocrx_word' id='word_1_142' title='bbox 982 2263 1083 2333; x_wconf 80' lang='lat' dir='ltr'>potest</span> 
     </span>
     <span class='ocr_line' id='line_1_22' title="bbox 194 2333 1082 2416; baseline -0.002 -20"><span class='ocrx_word' id='word_1_143' title='bbox 194 2337 378 2416; x_wconf 90' lang='lat' dir='ltr'>praedicare.</span> <span class='ocrx_word' id='word_1_144' title='bbox 419 2336 524 2412; x_wconf 74' lang='lat' dir='ltr'>Quare</span> <span class='ocrx_word' id='word_1_145' title='bbox 536 2334 616 2394; x_wconf 88' lang='lat' dir='ltr'>illud</span> <span class='ocrx_word' id='word_1_146' title='bbox 625 2333 953 2413; x_wconf 85' lang='lat' dir='ltr'>magnificentissimum</span> <span class='ocrx_word' id='word_1_147' title='bbox 963 2334 1082 2394; x_wconf 79' lang='lat' dir='ltr'>factum</span> 
     </span>
     <span class='ocr_line' id='line_1_23' title="bbox 141 2414 1082 2496; baseline -0.009 -14"><span class='ocrx_word' id='word_1_148' title='bbox 141 2422 181 2482; x_wconf 86' lang='lat'>20</span> <span class='ocrx_word' id='word_1_149' title='bbox 194 2415 605 2496; x_wconf 86' lang='lat' dir='ltr'>propriumesthrasybuli.</span> <span class='ocrx_word' id='word_1_150' title='bbox 639 2415 722 2474; x_wconf 89' lang='lat' dir='ltr'>Nam</span> <span class='ocrx_word' id='word_1_151' title='bbox 732 2435 802 2474; x_wconf 89' lang='lat' dir='ltr'>cum</span> <span class='ocrx_word' id='word_1_152' title='bbox 812 2414 938 2493; x_wconf 85' lang='lat' dir='ltr'>triginta</span> <span class='ocrx_word' id='word_1_153' title='bbox 947 2415 1082 2494; x_wconf 84' lang='lat' dir='ltr'>tyranni,</span> 
     </span>
     <span class='ocr_line' id='line_1_24' title="bbox 194 2494 1082 2577; baseline -0.002 -20"><span class='ocrx_word' id='word_1_154' title='bbox 194 2497 357 2577; x_wconf 74' lang='lat' dir='ltr'>praepositi</span> <span class='ocrx_word' id='word_1_155' title='bbox 370 2518 390 2557; x_wconf 86' lang='lat' dir='ltr'>a</span> <span class='ocrx_word' id='word_1_156' title='bbox 403 2496 660 2568; x_wconf 83' lang='lat' dir='ltr'>Lacedaemoniis,</span> <span class='ocrx_word' id='word_1_157' title='bbox 674 2494 819 2555; x_wconf 85' lang='lat' dir='ltr'>servitute</span> <span class='ocrx_word' id='word_1_158' title='bbox 831 2515 988 2574; x_wconf 80' lang='lat' dir='ltr'>oppressas</span> <span class='ocrx_word' id='word_1_159' title='bbox 1000 2504 1082 2555; x_wconf 87' lang='lat' dir='ltr'>tene·</span> 
     </span>
     <span class='ocr_line' id='line_1_25' title="bbox 194 2574 1082 2656; baseline -0.001 -19"><span class='ocrx_word' id='word_1_160' title='bbox 194 2587 262 2638; x_wconf 88' lang='lat' dir='ltr'>rent</span> <span class='ocrx_word' id='word_1_161' title='bbox 272 2577 418 2649; x_wconf 89' lang='lat' dir='ltr'>Athenas,</span> <span class='ocrx_word' id='word_1_162' title='bbox 429 2577 576 2656; x_wconf 88' lang='lat' dir='ltr'>plurimos</span> <span class='ocrx_word' id='word_1_163' title='bbox 586 2577 677 2648; x_wconf 77' lang='lat' dir='ltr'>cives,</span> <span class='ocrx_word' id='word_1_164' title='bbox 687 2574 796 2654; x_wconf 91' lang='lat' dir='ltr'>quibus</span> <span class='ocrx_word' id='word_1_165' title='bbox 810 2574 842 2634; x_wconf 90' lang='lat' dir='ltr'>in</span> <span class='ocrx_word' id='word_1_166' title='bbox 854 2574 934 2636; x_wconf 91' lang='lat' dir='ltr'>bello</span> <span class='ocrx_word' id='word_1_167' title='bbox 944 2585 1082 2654; x_wconf 75' lang='lat' dir='ltr'>parserat</span> 
     </span>
     <span class='ocr_line' id='line_1_26' title="bbox 193 2655 1081 2736; baseline -0.002 -18"><span class='ocrx_word' id='word_1_168' title='bbox 193 2657 325 2731; x_wconf 82' lang='lat' dir='ltr'>fortuna,</span> <span class='ocrx_word' id='word_1_169' title='bbox 339 2657 452 2736; x_wconf 89' lang='lat' dir='ltr'>partim</span> <span class='ocrx_word' id='word_1_170' title='bbox 465 2657 567 2736; x_wconf 85' lang='lat' dir='ltr'>patria</span> <span class='ocrx_word' id='word_1_171' title='bbox 580 2655 778 2734; x_wconf 78' lang='lat' dir='ltr'>expulissent,</span> <span class='ocrx_word' id='word_1_172' title='bbox 790 2656 903 2733; x_wconf 87' lang='lat' dir='ltr'>partim</span> <span class='ocrx_word' id='word_1_173' title='bbox 917 2655 1081 2716; x_wconf 83' lang='lat' dir='ltr'>interfecis-</span> 
     </span>
     <span class='ocr_line' id='line_1_27' title="bbox 170 2735 1080 2818; baseline -0.004 -19"><span class='ocrx_word' id='word_1_174' title='bbox 170 2759 176 2768; x_wconf 92' lang='lat'>·</span> <span class='ocrx_word' id='word_1_175' title='bbox 193 2748 268 2812; x_wconf 86' lang='lat' dir='ltr'>sent,</span> <span class='ocrx_word' id='word_1_176' title='bbox 283 2738 484 2818; x_wconf 90' lang='lat' dir='ltr'>plurimorum</span> <span class='ocrx_word' id='word_1_177' title='bbox 498 2736 579 2796; x_wconf 86' lang='lat' dir='ltr'>bona</span> <span class='ocrx_word' id='word_1_178' title='bbox 592 2735 749 2814; x_wconf 87' lang='lat' dir='ltr'>publicata</span> <span class='ocrx_word' id='word_1_179' title='bbox 762 2735 842 2794; x_wconf 87' lang='lat' dir='ltr'>inter</span> <span class='ocrx_word' id='word_1_180' title='bbox 853 2755 886 2794; x_wconf 92' lang='lat' dir='ltr'>se</span> <span class='ocrx_word' id='word_1_181' title='bbox 899 2736 1080 2809; x_wconf 79' lang='lat' dir='ltr'>divisissent,</span> 
     </span>
     <span class='ocr_line' id='line_1_28' title="bbox 139 2815 1077 2900; baseline -0.011 -15"><span class='ocrx_word' id='word_1_182' title='bbox 139 2823 256 2885; x_wconf 78' lang='lat'>2511011</span> <span class='ocrx_word' id='word_1_183' title='bbox 275 2818 373 2879; x_wconf 87' lang='lat' dir='ltr'>solum</span> <span class='ocrx_word' id='word_1_184' title='bbox 393 2817 542 2900; x_wconf 89' lang='lat' dir='ltr'>princeps,</span> <span class='ocrx_word' id='word_1_185' title='bbox 555 2815 608 2876; x_wconf 88' lang='lat' dir='ltr'>sed</span> <span class='ocrx_word' id='word_1_186' title='bbox 632 2816 724 2875; x_wconf 86' lang='lat' dir='ltr'>etiam</span> <span class='ocrx_word' id='word_1_187' title='bbox 747 2816 828 2876; x_wconf 89' lang='lat' dir='ltr'>solus</span> <span class='ocrx_word' id='word_1_188' title='bbox 851 2815 940 2877; x_wconf 92' lang='lat' dir='ltr'>initio</span> <span class='ocrx_word' id='word_1_189' title='bbox 964 2816 1077 2879; x_wconf 90' lang='lat' dir='ltr'>bellum</span> 
     </span>
     <span class='ocr_line' id='line_1_29' title="bbox 193 2899 374 2960; baseline 0 0"><span class='ocrx_word' id='word_1_190' title='bbox 193 2901 241 2960; x_wconf 86' lang='lat' dir='ltr'>his</span> <span class='ocrx_word' id='word_1_191' title='bbox 254 2899 374 2960; x_wconf 83' lang='lat' dir='ltr'>indixit.</span> 
     </span>
    </p>
   </div>
   <div class='ocr_carea' id='block_1_5' title="bbox 139 2976 1080 3536">
    <p class='ocr_par' dir='ltr' id='par_1_6' title="bbox 194 2976 1080 3216">
     <span class='ocr_line' id='line_1_30' title="bbox 235 2976 1080 3058; baseline -0.001 -19"><span class='ocrx_word' id='word_1_192' title='bbox 235 2980 277 3039; x_wconf 89' lang='lat' dir='ltr'>II.</span> <span class='ocrx_word' id='word_1_193' title='bbox 299 2979 361 3039; x_wconf 89' lang='lat' dir='ltr'>Hic</span> <span class='ocrx_word' id='word_1_194' title='bbox 385 2977 465 3038; x_wconf 92' lang='lat' dir='ltr'>enim</span> <span class='ocrx_word' id='word_1_195' title='bbox 490 2997 559 3037; x_wconf 91' lang='lat' dir='ltr'>cum</span> <span class='ocrx_word' id='word_1_196' title='bbox 584 2977 704 3058; x_wconf 87' lang='lat' dir='ltr'>Phylen</span> <span class='ocrx_word' id='word_1_197' title='bbox 725 2976 915 3057; x_wconf 86' lang='lat' dir='ltr'>confugisset,</span> <span class='ocrx_word' id='word_1_198' title='bbox 933 2977 1015 3057; x_wconf 92' lang='lat' dir='ltr'>quod</span> <span class='ocrx_word' id='word_1_199' title='bbox 1036 2986 1080 3038; x_wconf 90' lang='lat' dir='ltr'>est</span> 
     </span>
     <span class='ocr_line' id='line_1_31' title="bbox 194 3058 1080 3138; baseline -0.001 -19"><span class='ocrx_word' id='word_1_200' title='bbox 194 3059 352 3120; x_wconf 86' lang='lat' dir='ltr'>castellum</span> <span class='ocrx_word' id='word_1_201' title='bbox 369 3060 401 3117; x_wconf 91' lang='lat' dir='ltr'>in</span> <span class='ocrx_word' id='word_1_202' title='bbox 415 3058 521 3117; x_wconf 88' lang='lat' dir='ltr'>Attica</span> <span class='ocrx_word' id='word_1_203' title='bbox 541 3059 786 3132; x_wconf 89' lang='lat' dir='ltr'>munitissimum,</span> <span class='ocrx_word' id='word_1_204' title='bbox 800 3080 861 3118; x_wconf 91' lang='lat' dir='ltr'>non</span> <span class='ocrx_word' id='word_1_205' title='bbox 881 3059 951 3138; x_wconf 90' lang='lat' dir='ltr'>plus</span> <span class='ocrx_word' id='word_1_206' title='bbox 971 3058 1080 3118; x_wconf 82' lang='lat' dir='ltr'>habuit</span> 
     </span>
     <span class='ocr_line' id='line_1_32' title="bbox 194 3138 1080 3216; baseline -0.001 -18"><span class='ocrx_word' id='word_1_207' title='bbox 194 3160 294 3199; x_wconf 87' lang='lat' dir='ltr'>secum</span> <span class='ocrx_word' id='word_1_208' title='bbox 309 3159 401 3216; x_wconf 87' lang='lat' dir='ltr'>quam</span> <span class='ocrx_word' id='word_1_209' title='bbox 415 3138 541 3215; x_wconf 84' lang='lat' dir='ltr'>triginta</span> <span class='ocrx_word' id='word_1_210' title='bbox 555 3139 592 3197; x_wconf 89' lang='lat' dir='ltr'>de</span> <span class='ocrx_word' id='word_1_211' title='bbox 606 3139 675 3198; x_wconf 91' lang='lat' dir='ltr'>suis.</span> <span class='ocrx_word' id='word_1_212' title='bbox 718 3138 788 3198; x_wconf 89' lang='lat' dir='ltr'>Hoc</span> <span class='ocrx_word' id='word_1_213' title='bbox 797 3139 920 3197; x_wconf 91' lang='lat' dir='ltr'>initium</span> <span class='ocrx_word' id='word_1_214' title='bbox 931 3138 991 3198; x_wconf 86' lang='lat' dir='ltr'>fuit</span> <span class='ocrx_word' id='word_1_215' title='bbox 1000 3139 1080 3197; x_wconf 89' lang='lat' dir='ltr'>salu·</span> 
     </span>
    </p>

    <p class='ocr_par' dir='ltr' id='par_1_7' title="bbox 139 3216 1080 3536">
     <span class='ocr_line' id='line_1_33' title="bbox 139 3216 1079 3288; baseline -0.004 -8"><span class='ocrx_word' id='word_1_216' title='bbox 139 3219 180 3280; x_wconf 86' lang='lat'>30</span> <span class='ocrx_word' id='word_1_217' title='bbox 193 3219 232 3277; x_wconf 90' lang='lat' dir='ltr'>tis</span> <span class='ocrx_word' id='word_1_218' title='bbox 246 3220 439 3288; x_wconf 85' lang='lat' dir='ltr'>Actaeorum,</span> <span class='ocrx_word' id='word_1_219' title='bbox 455 3219 511 3275; x_wconf 92' lang='lat' dir='ltr'>hoc</span> <span class='ocrx_word' id='word_1_220' title='bbox 528 3218 622 3276; x_wconf 91' lang='lat' dir='ltr'>robur</span> <span class='ocrx_word' id='word_1_221' title='bbox 638 3216 788 3278; x_wconf 83' lang='lat' dir='ltr'>libertatis</span> <span class='ocrx_word' id='word_1_222' title='bbox 806 3219 988 3278; x_wconf 82' lang='lat' dir='ltr'>clarissimae</span> <span class='ocrx_word' id='word_1_223' title='bbox 1007 3220 1079 3279; x_wconf 88' lang='lat' dir='ltr'>civi-</span> 
     </span>
     <span class='ocr_line' id='line_1_34' title="bbox 193 3295 1080 3376; baseline 0.005 -21"><span class='ocrx_word' id='word_1_224' title='bbox 193 3297 273 3355; x_wconf 83' lang='lat' dir='ltr'>tatis</span> <span class='ocrx_word' id='word_1_225' title='bbox 315 3295 422 3373; x_wconf 87' lang='lat' dir='ltr'>Neque</span> <span class='ocrx_word' id='word_1_226' title='bbox 436 3316 506 3356; x_wconf 88' lang='lat' dir='ltr'>vero</span> <span class='ocrx_word' id='word_1_227' title='bbox 527 3297 577 3354; x_wconf 89' lang='lat' dir='ltr'>hic</span> <span class='ocrx_word' id='word_1_228' title='bbox 597 3317 659 3355; x_wconf 91' lang='lat' dir='ltr'>non</span> <span class='ocrx_word' id='word_1_229' title='bbox 679 3307 868 3376; x_wconf 89' lang='lat' dir='ltr'>contemptus</span> <span class='ocrx_word' id='word_1_230' title='bbox 884 3307 928 3357; x_wconf 75' lang='lat' dir='ltr'>est</span> <span class='ocrx_word' id='word_1_231' title='bbox 943 3298 1043 3376; x_wconf 88' lang='lat' dir='ltr'>primo</span> <span class='ocrx_word' id='word_1_232' title='bbox 1060 3319 1080 3358; x_wconf 88' lang='lat' dir='ltr'>a</span> 
     </span>
     <span class='ocr_line' id='line_1_35' title="bbox 193 3373 1080 3454; baseline 0.003 -21"><span class='ocrx_word' id='word_1_233' title='bbox 193 3373 331 3452; x_wconf 83' lang='lat' dir='ltr'>tyrannis</span> <span class='ocrx_word' id='word_1_234' title='bbox 352 3385 443 3451; x_wconf 88' lang='lat' dir='ltr'>atquc</span> <span class='ocrx_word' id='word_1_235' title='bbox 465 3376 528 3451; x_wconf 88' lang='lat' dir='ltr'>ejus</span> <span class='ocrx_word' id='word_1_236' title='bbox 550 3374 690 3434; x_wconf 91' lang='lat' dir='ltr'>solitudo.</span> <span class='ocrx_word' id='word_1_237' title='bbox 732 3376 821 3450; x_wconf 73' lang='lat' dir='ltr'>Quae</span> <span class='ocrx_word' id='word_1_238' title='bbox 837 3377 961 3454; x_wconf 89' lang='lat' dir='ltr'>quidem</span> <span class='ocrx_word' id='word_1_239' title='bbox 980 3397 1028 3436; x_wconf 73' lang='lat' dir='ltr'>res</span> <span class='ocrx_word' id='word_1_240' title='bbox 1048 3392 1080 3436; x_wconf 90' lang='lat' dir='ltr'>et</span> 
     </span>
     <span class='ocr_line' id='line_1_36' title="bbox 192 3452 1079 3536; baseline 0.007 -26"><span class='ocrx_word' id='word_1_241' title='bbox 192 3452 254 3512; x_wconf 91' lang='lat' dir='ltr'>illis</span> <span class='ocrx_word' id='word_1_242' title='bbox 267 3452 526 3512; x_wconf 84' lang='lat' dir='ltr'>contemnentibus</span> <span class='ocrx_word' id='word_1_243' title='bbox 539 3454 684 3532; x_wconf 89' lang='lat' dir='ltr'>perniciei</span> <span class='ocrx_word' id='word_1_244' title='bbox 697 3464 728 3514; x_wconf 87' lang='lat' dir='ltr'>et</span> <span class='ocrx_word' id='word_1_245' title='bbox 741 3456 813 3516; x_wconf 90' lang='lat' dir='ltr'>huic</span> <span class='ocrx_word' id='word_1_246' title='bbox 827 3455 966 3536; x_wconf 78' lang='lat' dir='ltr'>despecto</span> <span class='ocrx_word' id='word_1_247' title='bbox 983 3457 1079 3516; x_wconf 83' lang='lat' dir='ltr'>saluti</span> 
     </span>
    </p>
   </div>
   <div class='ocr_carea' id='block_1_6' title="bbox 0 0 1242 3792">
    <p class='ocr_par' dir='ltr' id='par_1_8' title="bbox 0 0 1242 3792">
     <span class='ocr_line' id='line_1_37' title="bbox 0 0 1242 3792; baseline 0 2"><span class='ocrx_word' id='word_1_248' title='bbox 0 0 1242 3792; x_wconf 95' lang='lat' dir='ltr'> </span> 
     </span>
    </p>
   </div>
  </div>
 </body>
</html>
