2475 3792
466 289 726 338 Aensrnsus.
1050 267 1094 337 75

149 445 274 507 habebat
287 447 397 526 regios,
411 446 553 508 inducias
574 468 595 508 a
614 447 744 514 Lacone,
756 445 874 526 petivit,
892 445 1039 511 simulans

148 527 260 587 sedare
274 548 412 606 operam,
427 537 464 589 ut
484 528 733 588 Lacedaemoniis
754 547 824 586 eum
844 548 914 607 rege
934 547 1039 588 conve·

148 607 230 678 niret,
244 628 276 667 re
290 617 398 668 autem
413 629 489 670 vera
502 608 543 668 ad
557 609 659 688 copias
675 607 910 685 oqmparandas3
930 627 1039 687 easque

148 687 319 766 impetravit
348 689 527 750 trimestres
568 687 695 749 Juravit
722 697 825 748 autem
851 697 986 766 uterque,
1007 707 1039 747 se

147 767 207 826 sine
220 767 291 828 dolo
304 768 450 830 inducias
465 778 723 829 conservaturum.
765 766 803 826 In
841 787 881 828 ua
900 767 1040 846 pactione
1073 765 1093 826 5

147 867 261 908 summa
271 847 333 909 fide
342 849 460 910 mansit
471 847 648 928 Agesilaum
663 856 768 908 contra
782 868 817 907 ea
853 848 1039 927 issaphemes

147 925 220 986 nihil
235 927 322 988 aliud
338 950 436 1009 quam
450 928 566 988 bellum
580 928 777 1006 comparavit
818 927 856 988 Id
877 927 932 987 etsi
951 928 1040 987 senti·

147 1005 214 1066 ebat
237 1007 332 1082 Laco,
355 1018 462 1069 tamen
485 1008 702 1088 jusjurandum
725 1007 875 1081 servabat,
897 1007 1041 1068 multum·

148 1087 249 1166 quein
263 1109 298 1149 eo
313 1110 347 1150 se
359 1089 504 1168 consequi
518 1089 647 1161 dicebat,
658 1088 740 1167 quod
753 1087 965 1167 Tissaphernes
997 1108 1040 1146 or·

151 1168 230 1245 jurio
243 1189 300 1230 suo
314 1178 347 1230 et
362 1169 501 1229 homines
521 1169 582 1228 suis
603 1168 693 1228 rebus
713 1166 900 1228 abalienaret
919 1177 950 1228 et
970 1108 1094 1228 doos10

148 1247 202 1306 sibi
223 1249 318 1310 iratos
342 1250 501 1321 redderet3
521 1269 554 1309 se
575 1257 678 1308 autem
699 1259 876 1309 conservata
896 1247 1040 1328 religione

148 1327 326 1390 confirmare
350 1330 528 1401 exereitum,
546 1349 616 1388 cum
638 1329 901 1401 animadverteret,
915 1327 1040 1388 deorum
1089 1357 1094 1367 ·

148 1428 258 1469 numen
272 1410 376 1471 facere
390 1430 501 1482 secum,
515 1409 709 1488 hominesque
722 1408 780 1468 sibi
794 1408 954 1468 conciliare
967 1408 1040 1468 ami-

149 1488 247 1564 ciores,
262 1491 349 1570 quod
362 1491 411 1551 his
424 1490 544 1550 studere
559 1498 756 1562 consuessent,
771 1509 845 1568 quos
865 1509 1041 1550 conservare

150 1567 238 1628 fidem
252 1571 405 1632 viderent.
1055 1566 1094 1627 15

187 1649 248 1711 ΠΙ.
263 1651 434 1730 Postquam
444 1649 638 1711 induciarum
648 1648 803 1729 praeteriit
811 1649 883 1723 dies,
892 1648 1040 1710 barbarus

150 1748 208 1788 non
229 1731 387 1804 dubitans,
408 1731 488 1810 quod
513 1730 607 1811 ipsius
627 1739 715 1791 erant
735 1731 868 1810 plurima
887 1730 1041 1790 domicilia

150 1808 181 1867 in
195 1809 287 1872 Caria
302 1820 334 1872 et
348 1832 384 1872 ea
397 1811 480 1890 regio
493 1811 541 1872 his
557 1811 744 1890 temporibus
764 1811 861 1871 multo
874 1810 1041 1890 putabatur

150 1887 397 1970 locupletissima,
412 1912 446 1952 eo
467 1892 657 1970 potissimum
673 1891 772 1951 hostes
786 1891 827 1950 im
850 1901 932 1951 etum
946 1891 1041 1950 factu·

152 1989 206 2042 ros,
216 1993 322 2033 omnes
336 1992 406 2032 suas
420 1972 522 2052 copias
535 1993 570 2032 eo
581 1980 782 2031 contraxerat.
856 1970 1040 2050 tAgesilaus
1054 1967 1094 2028 20

151 2048 182 2108 in
197 2051 368 2133 Phrygiam
381 2072 413 2112 se
427 2052 584 2125 convertit,
598 2072 725 2130 eamque
741 2052 825 2130 prius
839 2052 916 2130 depo
939 2051 1041 2110 ulatns

153 2139 202 2203 est,
217 2153 312 2212 quam
326 2131 540 2210 Tissaphernes
554 2152 682 2211 usquam
696 2153 727 2191 se
742 2140 883 2192 moveret.
960 2151 1041 2209 agna

152 2213 265 2288 praeda
291 2212 440 2272 militibus
464 2212 664 2290 locupletatis,
690 2211 845 2290 Ephesum
873 2211 1039 2271 hiematum

154 2293 320 2353 exercitum
341 2291 473 2365 reduxit,
486 2301 577 2372 atque
594 2292 637 2351 ibi
651 2291 776 2352 officinis
791 2312 943 2351 armorum
958 2291 1040 2351 insti·

154 2373 234 2447 tutis,
256 2393 369 2452 magna
392 2372 542 2432 industria
565 2372 681 2432 bellum
705 2373 875 2450 apparavit.
917 2371 959 2432 Et
979 2392 1039 2450 quo
1053 2369 1093 2429 25

153 2453 313 2513 studiosius
326 2461 519 2512 armarentur
536 2452 741 2531 insigniusque
755 2460 943 2525 ornarentur,
956 2471 1040 2531 prae·

154 2533 214 2594 mia
234 2533 408 2612 proposuit„
421 2531 529 2611 quibus
550 2533 744 2606 donarentur,
764 2553 893 2611 quorum
920 2532 1041 2612 egregia

154 2611 185 2670 iu
198 2635 234 2674 ea
254 2634 287 2673 re
307 2611 413 2673 fuisset
433 2612 591 2673 industria.
633 2612 720 2672 Fecit
743 2612 823 2671 idem
843 2612 876 2671 in
897 2613 1040 2672 exercita-

154 2692 270 2753 tionum
293 2691 461 2772 generibus,
482 2701 526 2766 nt,
547 2692 599 2772 qui
621 2692 726 2753 ceteris
747 2693 970 2772 praestitissent,
991 2711 1040 2752 eos

155 2773 270 2852 magnis
285 2773 417 2832 afficeret
431 2772 613 2834 muneribus.
655 2772 716 2833 His
727 2772 821 2851 igitur
832 2773 920 2832 rebus
933 2772 1039 2845 effecit,
1053 2769 1094 2830 30

154 2862 230 2914 utet
244 2852 470 2914 ornatimimum
484 2862 514 2913 et
523 2853 806 2913 exercitatissimum
820 2852 944 2913 haberet
957 2872 1041 2912 exer·

54 2979 56 2988 ,
155 2933 255 2993 citum.
298 2931 384 2991 Huic
398 2952 466 2991 cum
480 2941 598 3012 tempus
620 2942 696 2993 esset
708 2933 808 2993 visum
828 2932 929 3010 copias
942 2941 1041 2992 extra·

154 3013 223 3074 here
237 3033 277 3073 ex
290 3011 504 3086 hibernaculis,
515 3012 603 3085 vidit,
616 3013 652 3085 si,
667 3032 726 3090 quo
740 3022 816 3072 esset
825 3013 883 3070 iter
896 3012 1040 3085 facturus,

153 3093 256 3171 palam
270 3093 502 3172 pronuntiasset,
516 3091 614 3152 hostes
636 3113 697 3151 non
719 3093 885 3151 credituros
906 3092 1041 3169 aliasque

153 3174 288 3252 regiones
299 3172 455 3250 praesidiis
465 3181 672 3250 occupaturos,
682 3191 736 3230 nec
747 3170 945 3242 dubitaturos,
955 3169 1040 3229 aliud
1054 3167 1095 3227 35

153 3273 213 3313 esse
241 3253 396 3312 facturum
423 3273 458 3311 ac
507 3252 716 3310 renuntiasset.
759 3249 867 3322 Itaque
891 3269 960 3305 eum
987 3249 1041 3306 ille

153 3333 263 3394 Sardes
283 3332 399 3390 iturum
420 3351 451 3390 se
494 3329 607 3399 ixisset,
621 3326 833 3401 Tissaphernes
847 3325 972 3380 eandem
986 3324 1041 3379 Ca-

154 3413 230 3472 riam
245 3409 466 3470 defendendam
481 3405 610 3484 putavit.
652 3403 691 3460 In
705 3418 844 3477 quocum
858 3417 927 3454 eum
940 3397 1041 3480 opinio

155 3491 311 3551 fefellisset
333 3488 509 3563 victumque
536 3481 705 3541 sevidisset
731 3473 864 3540 consilio,
890 3487 955 3526 sero
981 3487 1043 3524 suis
