2475 3792
122 235 162 298 18
400 253 612 301 connnnrr
643 254 836 303 nnrorrs.

213 408 274 470 ΙΙΙ.
295 409 399 490 Hujus
413 410 572 472 consilium
591 409 743 490 plerisque
761 411 936 473 civitatibus
956 412 1068 493 displi-

172 490 260 551 cebat
280 499 310 550 et
330 491 363 550 in
383 499 464 552 terra
484 491 624 552 dimicari
643 492 740 571 magis
782 492 908 553 lacebat.
949 493 1067 574 Itaque

172 571 255 630 missi
274 580 346 631 sunt
365 570 473 631 delecti
493 592 563 632 cum
583 571 729 644 Leonida,
797 573 1066 634 cedaemoniorum

172 671 250 729 rege,
272 651 324 729 qui
345 651 563 731 Thermopylas
584 661 767 731 occuparent
790 652 968 731 longiusque
991 653 1065 713 bar-

138 728 158 791 5
172 729 260 791 baros
273 731 414 810 progredi
428 753 489 790 non
499 742 683 810 paterentur.
697 753 710 790 e
725 731 770 790 Hi
780 733 843 793 vim
854 733 985 793 hostium
997 753 1065 794 non

170 811 386 884 sustinuerunt,
397 832 491 891 eoque
504 811 570 872 loco
584 832 687 872 omnes
700 812 887 872 interierunt
928 813 974 873 At
984 814 1064 874 clas-

169 891 210 952 sis
225 891 391 952 communis
410 891 556 952 Graeciae
576 901 780 952 trecentarum
800 893 936 966 navium,
949 893 982 953 in
996 914 1064 973 qua

171 971 319 1031 ducentae
338 980 426 1031 erant
445 971 688 1044 Atheniensium,
709 973 842 1051 primum
865 973 948 1052 apud
968 972 1063 1034 Arte-

170 1051 291 1110 misium
305 1052 384 1112 inter
398 1052 555 1112 Euboeam
571 1053 833 1132 continentemque
853 1062 966 1112 terram
986 1074 1062 1114 oum

116 1127 156 1190 10
172 1131 330 1192 classiariis
351 1133 428 1212 regis
449 1133 594 1192 conflixit.
636 1132 803 1211 Angustias
823 1134 904 1193 enim
925 1133 1062 1194 Themis·

169 1212 261 1272 tocles
276 1213 449 1290 quaerebat,
462 1232 500 1272 ne
517 1213 714 1273 multitudine
735 1213 951 1274 circumiretur.
993 1214 1061 1275 Hic

169 1292 224 1352 etsi
238 1293 305 1371 pari
319 1293 433 1372 proelio
447 1293 653 1366 discesserant,
667 1302 770 1353 tamen
788 1294 893 1353 eodem
912 1293 978 1354 loeo
994 1315 1060 1355 non

169 1380 240 1433 sunt
260 1373 326 1433 ausi
347 1393 482 1445 manere;
504 1373 585 1452 quod
606 1383 672 1434 crat
692 1373 870 1452 pericnlum,
884 1395 931 1448 ne,
944 1374 971 1434 si
985 1395 1059 1453 pars

169 1453 295 1513 navium
309 1453 550 1515 adversariorum
565 1453 723 1514 Euboeam
737 1462 914 1532 superasset,
928 1455 1059 1533 ancipiti

115 1529 154 1590 15
168 1542 376 1610 premerentur
389 1533 532 1612 periculo.
575 1534 647 1611 Quo
660 1534 776 1593 factum
790 1542 842 1606 est,
857 1542 893 1595 ut
912 1533 952 1594 ab
966 1532 1059 1594 Arte·

168 1613 254 1673 misio
268 1613 454 1674 discederent
467 1623 498 1674 et
510 1615 711 1675 exadversum
723 1614 861 1674 Athenas
875 1614 958 1694 apud
971 1614 1058 1675 sata

167 1694 251 1752 mina
264 1694 388 1754 classem
403 1715 488 1754 suam
503 1694 727 1756 constituerent.

174 1785 187 1827 t-
208 1772 265 1834 IV.
286 1773 333 1833 At
346 1774 475 1846 Xerxes,
489 1774 702 1854 Thermopylis
715 1775 905 1854 expugnatis,
915 1776 1056 1855 protinus

167 1854 289 1914 accessit
309 1863 386 1927 astu,
407 1855 498 1934 idque
517 1855 611 1914 nullis
631 1855 869 1928 defendentibus,
888 1855 1055 1918 interfectis

113 1931 153 1992 20
167 1933 380 2006 sacerdotibus,
400 1955 473 2014 quos
493 1935 526 1994 in
547 1955 616 1995 arce
636 1936 802 2007 invenerat,
817 1935 955 1996 incendio
975 1937 1058 1996 dele·

166 2015 220 2075 vit.
261 2013 356 2094 Cujus
383 2015 467 2074 fama
493 2016 645 2094 perterriti
667 2015 814 2076 classiarii
838 2036 908 2075 cum
930 2037 1057 2077 manere
1157 2067 1169 2080 .

165 2113 226 2154 non
241 2095 387 2156 auderent
401 2104 430 2154 ct
444 2095 570 2174 plurimi
587 2095 789 2168 hortarentur,
804 2104 839 2157 ut
859 2096 964 2156 domos
983 2116 1056 2157 suas

165 2174 352 2236 discederent
378 2176 594 2255 moenibusque
620 2196 652 2236 se
679 2176 890 2248 defenderent;
919 2175 1055 2236 Themis·

164 2255 257 2315 toules
284 2275 362 2316 unus
390 2257 499 2316 restitit
527 2265 557 2316 ct
583 2257 738 2316 universos
766 2276 853 2334 pares
881 2277 943 2316 esse
1006 2278 1055 2318 sse

111 2333 151 2394 25
165 2334 275 2408 aiebat,
295 2336 442 2414 dispersos
466 2337 635 2397 testabatur
657 2337 815 2415 perituros,
836 2336 928 2416 idque
982 2357 1055 2417 ury-

165 2415 258 2489 biadi,
272 2417 336 2494 regi
350 2415 669 2489 Lacedaemoniorum,
684 2417 736 2495 qui
757 2425 823 2476 tum
842 2436 978 2476 summae
998 2417 1055 2477 im·

163 2496 241 2574 perii
261 2505 409 2575 praeerat,
430 2497 494 2557 fore
517 2497 696 2557 affirmabat.
739 2496 840 2573 Quem
861 2518 931 2558 cum
950 2498 1054 2558 minus

91 2575 94 2580 '
165 2596 257 2654 quam
271 2577 364 2637 vellet
377 2586 520 2650 moveret,
535 2587 627 2638 noctu
641 2577 786 2638 deservis
805 2578 875 2650 suis,
889 2597 979 2656 quem
1000 2579 1054 2639 ha·

165 2654 233 2716 buit
256 2656 472 2730 fidelissimum,
493 2658 533 2718 ad
557 2678 659 2736 regem
682 2658 773 2730 misit,
794 2667 829 2718 ut
849 2657 877 2718 ei
896 2659 1052 2719 nuntiaret

110 2735 151 2797 30
164 2737 225 2796 suis
239 2738 340 2798 verbis
352 2758 359 2810 ;
380 2738 567 2798 adversarios
581 2741 645 2816 ejus
659 2738 692 2796 in
705 2738 779 2818 fuga
793 2759 871 2798 esse:
886 2738 939 2817 qui
953 2738 979 2798 si
993 2739 1052 2799 dis-

164 2817 326 2890 cessissent,
346 2819 461 2899 majore
484 2839 553 2878 cum
574 2819 678 2878 labore
698 2826 729 2878 et
748 2818 958 2898 longinquiore
977 2827 1052 2879 tem-

163 2916 236 2976 pore
261 2896 375 2957 bellum
400 2898 617 2972 confecturum,
638 2919 708 2958 cum
728 2898 861 2978 singulos
885 2901 1051 2960 consectari

164 2986 336 3055 cogeretur;
358 2999 431 3057 quos
455 2979 481 3038 si
504 2980 607 3040 statim
632 2979 854 3058 aggrederetur,
873 2977 960 3040 brevi
984 2981 1051 3040 uni·

132 3067 134 3073 '
163 3077 263 3117 versos
277 3079 497 3137 oppressurum,
514 3074 521 3121 t
538 3059 609 3118 Hoc
623 3080 658 3118 eo
672 3058 803 3131 valebat,
818 3069 853 3120 ut
865 3058 993 3137 ingratis
1010 3061 1050 3120 ad

71 3157 73 3162 ·
109 3135 148 3194 35
162 3135 398 3215 depugnandum
425 3159 528 3198 omnes
556 3149 740 3216 cogerentur.
783 3137 854 3198 Hac
882 3159 915 3198 re
942 3141 1051 3200 audita

163 3215 318 3290 barbarus,
339 3218 417 3276 nihil
438 3217 501 3277 doli
521 3219 640 3278 subesse
660 3218 792 3290 credens,
812 3217 956 3296 postridie
976 3220 1049 3280 alic-

162 3296 284 3356 nissimo
311 3297 369 3356 sibi
396 3297 471 3369 loco,
496 3307 601 3372 contra
625 3298 878 3376 opportunissimo
902 3297 1048 3372 hostibus,

151 3373 237 3435 “adeo'
258 3385 385 3454 angusto
406 3377 484 3436 mari
504 3377 651 3448 conflixit,
672 3386 707 3435 ut
726 3379 790 3456 ejus
810 3377 974 3437 multitudo
994 3399 1047 3438 na·

161 3454 246 3514 vium
261 3455 409 3534 explicari
422 3475 483 3515 non
497 3456 639 3534 potuerit.
649 3455 789 3597 fictus
807 3477 878 3534 ergo
891 3458 1047 3535 estmagis

107 3529 148 3593 40
161 3535 254 3594 etiam
269 3535 392 3598 consilio
406 3534 614 3596 Themistoclis
629 3556 650 3615 q
734 3537 826 3596 armis
841 3535 994 3596 Graeciae.

1228 2946 1236 3159 t
