2475 3792
498 244 703 292 rnocrorr.
991 223 995 230 ’
1056 229 1100 292 89

150 398 332 476 offenderat,
346 401 425 482 quod
438 402 557 482 patriae
570 402 651 463 male
665 401 865 477 consuluerat,
878 403 930 464 sed
943 402 1044 476 etiam,

151 482 244 559 quod
278 483 423 543 amicitiae
448 483 540 542 fidem
568 503 630 542 non
657 483 855 561 praestiterat
905 483 1046 562 Namque

149 572 270 622 auctus
282 563 458 641 adjutusque
472 584 491 622 a
505 563 709 622 Demosthene
723 583 801 635 eum,
812 583 901 642 quem
914 563 1045 636 tenebat,

150 642 335 718 ascenderat
356 643 495 722 gradum,
520 663 590 702 cum
617 643 761 702 adversus
788 643 948 703 Charetem
976 664 1046 703 eum

149 721 352 794 subornarct3
373 722 527 783 abeodem
538 724 570 781 in
580 723 713 802 judiciis,
723 743 793 782 cum
807 723 914 803 capitis
925 743 1046 783 oausam
1079 723 1100 783 5

150 801 281 875 diceret,
315 803 453 862 defensus
490 803 651 882 aliquoties
684 802 830 863 liberatus
864 803 1045 864 discesserat.

150 880 256 942 Hunc
269 903 329 942 non
342 883 440 942 solum
454 883 486 942 in
500 883 644 962 periculis
657 903 718 943 uon
732 883 875 956 defendit,
888 883 940 944 sed
954 884 1046 944 etiam

150 963 301 1040 prodidit.
336 963 476 1024 Concidit
487 973 590 1023 autem
599 964 733 1023 maxime
743 983 804 1023 uno
814 964 948 1036 crimine,
977 964 1047 1037 uod,

151 1063 229 1102 cum
249 1042 332 1122 apud
352 1064 422 1103 eum
442 1065 595 1104 summum
616 1053 691 1104 esset
711 1043 871 1123 imperium
888 984 1002 1123 popriii,
1016 1053 1046 1104 et

151 1122 352 1197 Nicanorem,
373 1123 536 1184 Cassandri
559 1125 754 1202 praefectum,
776 1124 912 1184 insidiari
939 1124 1047 1184 Piraeo
1061 1125 1101 1186 10

152 1203 434 1298 Atheniensium4a
447 1203 593 1284 Dercyllo
605 1214 786 1277 moneretur,
797 1205 936 1284 idemque
948 1214 1048 1297 postu·

153 1283 245 1357 laret,
258 1293 294 1345 ut
314 1285 495 1364 provideret,
508 1305 548 1346 ne
560 1285 776 1345 commeatibus
790 1285 897 1346 civitas
916 1305 1048 1364 privare·

153 1373 217 1438 tur,
245 1363 327 1438 huic,
355 1366 496 1426 audiente
522 1365 645 1445 populo,
673 1365 807 1425 Phocion
837 1365 960 1443 negavit
986 1385 1048 1425 esse

196 1446 339 1517 riculum‚
352 1466 442 1525 seque
456 1447 519 1525 ejus
533 1447 577 1505 rei
591 1446 726 1506 obsidem
741 1446 805 1506 fore
820 1445 974 1524 pollicitus
994 1454 1045 1505 est.

154 1465 267 1605 licque
278 1526 322 1586 ita
333 1526 430 1586 multo
441 1536 508 1606 post
519 1526 656 1586 Nicanor
665 1525 774 1586 Piraeo
783 1534 829 1585 est
838 1525 959 1605 potitus.
995 1524 1047 1585 Ad
1062 1525 1100 1587 15

155 1627 248 1686 quem
263 1607 503 1685 recuperandum
517 1627 587 1666 cum
602 1606 734 1685 populus
742 1614 877 1665 armatus
885 1606 1047 1666 concurris·

155 1697 210 1761 set,
225 1683 280 1747 ille
295 1706 357 1746 non
371 1687 461 1746 modo
474 1687 626 1746 neminem
640 1686 680 1745 ad
694 1707 780 1746 arma
793 1685 923 1756 vocavit,
936 1686 989 1746 sed
1009 1706 1049 1745 ne

155 1768 284 1827 armatis
305 1767 428 1846 quidem
447 1787 584 1847 praeesse
597 1766 704 1828 voluit.
746 1766 818 1826 Sine
833 1787 893 1849 quo
906 1765 1047 1826 Athenae

155 1848 282 1908 omnino
296 1867 358 1915 esse
371 1867 433 1907 non
445 1856 579 1927 possunt.

196 1927 260 1988 111.
288 1925 445 1989 Erant'eo
472 1938 607 2007 tempore
631 1927 762 1988 Athenis
788 1927 867 1988 duae
894 1925 1046 2000 factiones,
1061 1927 1101 1988 20

155 2029 290 2088 quarum
311 2029 374 2068 una
395 2009 501 2088 populi
523 2028 645 2068 oausam
666 2009 785 2086 agebat,
803 2009 901 2068 altera
921 2006 1048 2086 optima-

155 2090 245 2149 tium.
287 2088 327 2148 In
341 2089 398 2149 hac
411 2098 477 2149 erat
491 2088 627 2148 Phocion
640 2097 670 2148 et
684 2088 857 2147 Demetrius
873 2087 1046 2147 Phalereus.

155 2169 282 2230 Harum
309 2179 438 2250 utraque
461 2169 664 2229 Macedonum
687 2168 862 2248 patrociniis
885 2167 1046 2227 nitebatur.

155 2248 241 2310 Nam
260 2251 422 2330 populares
442 2249 693 2328 Polysperchonti
706 2249 868 2320 favebant;
888 2247 1047 2326 optimates

156 2351 229 2391 cum
237 2329 406 2391 Cassandro
416 2330 592 2390 sentiebant.
627 2326 1048 2407 InterimaPolysperchonte
1062 2329 1101 2388 25

156 2411 344 2472 Cassandrus
358 2410 539 2470 Macedonia
558 2409 663 2490 pulsus
683 2412 736 2469 est.
774 2409 846 2484 Quo
859 2408 941 2468 facto
954 2426 1047 2486 popu·
1099 2468 1101 2472 ,

157 2491 207 2552 lus
226 2492 362 2571 superior
375 2492 474 2551 factus
487 2491 589 2550 statim
603 2491 694 2550 duces
707 2487 897 2551 adversariae
910 2487 1048 2548 factionis

158 2572 267 2651 capitis
287 2573 447 2632 damnatos
466 2572 566 2649 patria
586 2570 730 2650 propulit,
745 2570 777 2628 in
797 2570 845 2629 his
864 2565 1048 2628 Phocionem

157 2661 190 2712 et
212 2652 403 2712 Demetrium
428 2649 628 2722 Phalereum;
648 2651 745 2729 deque
759 2670 795 2710 ea
816 2669 849 2709 re
871 2649 985 2727 legatos
1008 2648 1048 2707 ad

158 2731 449 2812 Polysperchontem
472 2731 562 2803 misit,
577 2732 630 2811 qui
652 2730 692 2790 ab
714 2751 749 2790 eo
770 2738 915 2810 peterent,
937 2736 973 2787 ut
993 2749 1049 2788 sua
1062 2729 1102 2789 30

159 2813 286 2874 decreta·
295 2812 495 2873 confirmaret.
536 2811 610 2871 Huc
623 2812 728 2871 eodem
770 2810 899 2870 rofectus
912 2817 957 2867 est
971 2806 1048 2867 Pho

159 2894 237 2955 cion.
278 2893 350 2970 Quo
364 2901 401 2952 ut
413 2892 506 2964 venit,
520 2912 643 2951 causam
657 2890 740 2969 apud
748 2831 934 2968 Philippum
947 2908 1048 2966 regem

160 2974 262 3047 verbo,
278 2995 311 3034 re
331 2973 398 3052 ipsa
411 2973 533 3050 quidem
548 2972 630 3049 apud
644 2971 931 3049 Polysperchontem
947 2968 1049 3046 jussus

160 3065 205 3116 est
218 3055 336 3125 dicere;
353 3071 486 3130 namque
495 3051 521 3111 is
530 3061 597 3110 tum
611 3052 690 3128 regis
704 3049 792 3109 rebus
806 3055 952 3128 praeerat.
987 3047 1050 3106 Hic

160 3135 200 3195 ab
214 3134 347 3213 Agnone
368 3140 534 3202 accusatus,
549 3131 631 3209 quod
653 3131 795 3188 Piraeum
815 3127 961 3186 Nicanori
984 3146 1050 3204 pro
1064 3123 1104 3183 35

160 3215 295 3287 didisset,
308 3233 350 3272 ex
370 3211 487 3272 consilii
501 3211 649 3270 sententia
663 3209 695 3266 in
710 3207 876 3266 custodiam
892 3207 1050 3280 conjectus,

159 3294 301 3356 Athenas
314 3292 464 3352 deductus
476 3300 530 3363 est,
544 3299 579 3348 ut
599 3289 643 3347 ibi
663 3288 701 3345 de
721 3305 756 3342 co
776 3283 893 3359 legibus
905 3281 989 3336 fieret
1004 3283 1052 3355 ju-

161 3376 284 3438 dicium.

201 3456 260 3520 IV.
282 3453 359 3516 Huc
372 3452 427 3512 ubi
440 3457 622 3530 perventum
635 3452 688 3514 est,
703 3459 773 3499 oum
789 3440 913 3513 propter
925 3437 1054 3486 aetatem
