2475 3792
331 217 363 264 r.
389 217 644 265 roneonrus
674 219 862 268 arrreus.
1032 203 1095 268 115

144 370 312 450 scriptione
338 334 512 452 perillustre
539 375 608 434 fuit.
649 375 730 434 Nam
759 396 827 436 curn
856 375 891 436 L.
917 341 1060 448 Saufeii!

144 453 256 529 equitis
282 453 426 526 Romani,
447 455 582 533 aequalis
606 455 663 527 sui,
684 456 735 534 qui
757 455 925 534 complures
946 475 1040 516 annos

142 533 246 592 studio
261 534 374 594 ductus
394 535 604 614 philosophiae
625 535 783 595 habitabat
797 535 936 606 Athenis,
952 535 1041 594 habe·

142 610 260 690 batque
270 614 305 671 in
316 613 410 673 Italia
420 615 564 692 pretiosas
579 615 782 694 possessiones,
794 616 946 676 triumviri
963 616 1040 676 boua

143 693 357 753 vendidissent
365 695 580 754 consuetudine
590 716 636 767 ea,
645 716 705 774 qua
715 706 779 755 tum
792 715 838 755 res
848 695 1039 774 gerebantur,
1074 699 1093 758 5

142 772 245 832 Attici
269 773 376 834 labore
397 784 489 853 atque
510 775 661 834 industria
683 775 797 834 factum
819 786 871 848 est,
887 785 921 835 ut
934 776 1038 836 codem

142 855 255 913 nuntio
278 853 419 914 Saufeius
440 855 525 914 fieret
546 857 665 928 certior,
679 875 709 914 se
732 856 947 933 patrimonium
967 857 1039 915 anri·

142 932 215 993 sisse
243 943 278 994 et
305 954 504 1012 recuperasse
552 935 640 994 Idem
674 935 710 996 L.
739 935 859 997 Julium
887 935 1038 1008 Calidum,

143 1033 236 1090 quem
262 1024 333 1093 post
355 1015 492 1074 Lucretii
512 1014 687 1095 Catullique
710 1025 836 1075 mortem
861 1016 958 1075 multo
983 1016 1038 1076 ele·

142 1096 360 1172 gantimimum
384 1101 505 1174 poetam
529 1106 662 1156 nostram
686 1095 789 1155 tulisse
815 1104 944 1156 aetatem
968 1117 1039 1157 vere
1054 1101 1092 1161 10

142 1175 253 1234 videor
272 1195 358 1254 posse
371 1176 559 1248 contendere,
573 1196 671 1255 neque
687 1177 790 1236 minus
803 1177 904 1239 virum
925 1177 1038 1237 bouum

143 1256 332 1334 optimisque
358 1256 475 1316 artibus
507 1257 670 1329 eruditum,
697 1266 764 1334 post
790 1257 1037 1336 proscriptionem

144 1336 287 1412 equitum
304 1345 427 1415 propter
446 1357 571 1414 magnas
591 1337 655 1416 ejus
668 1336 831 1402 Africanas
844 1337 1038 1416 possessiones

144 1413 178 1472 in
199 1417 440 1494 proscriptorum
468 1436 628 1475 numerum
656 1437 675 1476 a
702 1415 736 1476 P.
758 1416 933 1489 Volumnio,
954 1438 1038 1496 prae-

144 1493 229 1555 fecto
251 1495 372 1555 fabrum
391 1496 529 1568 Antonii,
543 1496 697 1556 absentem
720 1496 849 1556 relatum
873 1499 1036 1576 expedivit.
1052 1503 1090 1566 15

146 1574 244 1650 Quod
257 1577 290 1634 in
304 1577 454 1654 praesenti
474 1586 577 1636 utrum
591 1577 619 1636 ei
636 1576 813 1637 laboriosius
826 1597 866 1637 an
879 1577 1037 1657 gloriosius

146 1654 253 1729 fuerit,
263 1655 385 1716 difficile
396 1656 456 1716 fuit
465 1657 619 1736 judicare3
634 1657 715 1735 quod
725 1657 871 1718 incorum
886 1658 1037 1737 periculis,

146 1755 212 1796 non
233 1757 318 1797 secus
339 1737 477 1798 absentes
501 1757 592 1817 quam
613 1745 783 1817 praesentes
806 1738 918 1799 amicos
931 1739 1036 1800 Attico

146 1837 212 1877 esse
226 1838 316 1878 curae
328 1818 484 1897 cognitum
498 1829 550 1880 cst

190 1899 288 1959 XIII.
308 1899 418 1980 Neque
431 1919 503 1962 vero
517 1900 570 1960 ille
582 1900 632 1961 vir
651 1901 751 1961 minus
771 1900 867 1962 bonus
887 1911 974 1981 pater
995 1900 1037 1961 fa
1051 1905 1090 1966 20

148 1980 251 2040 miliae
264 1980 386 2041 habitus
399 1989 444 2040 est
454 2001 545 2060 quam
559 1981 642 2042 civis.
683 1981 764 2042 Nam
779 2002 849 2043 cum
862 1991 937 2042 esset
951 2001 1037 2060 pecu-

148 2061 261 2133 niosus,
273 2081 361 2122 nemo
375 2061 430 2120 illo
444 2061 544 2121 minus
557 2061 616 2121 fuit
629 2082 728 2134 emax,
742 2062 841 2122 miuus
855 2061 1036 2122 aedificator.

149 2140 259 2221 Neque
281 2152 384 2202 tamen
408 2162 469 2202 non
490 2142 648 2221 inprimis
669 2142 744 2202 bene
763 2142 924 2214 habitavit,
944 2142 1037 2202 omni-

149 2221 267 2301 busque
279 2223 402 2301 optimis
416 2221 505 2283 rebus
518 2243 589 2282 usus
602 2231 654 2282 est.
695 2221 777 2282 Nam
792 2223 915 2282 domum
930 2221 1037 2281 habuit

149 2302 183 2361 in
205 2302 282 2362 colle
303 2302 461 2379 Quirinali
481 2302 737 2382 Tamphilianarn‚
755 2301 794 2362 ab
816 2302 968 2363 avunculo
989 2302 1037 2361 he·
1051 2305 1090 2364 25

150 2383 279 2444 reditate
291 2383 447 2455 relictam
467 2384 552 2463 cujus
565 2383 731 2443 amoenitas
745 2403 805 2443 non
826 2383 971 2456 aedificic,
985 2383 1037 2443 sed

148 2463 229 2524 silva
242 2462 408 2524 constabat.
449 2462 554 2542 Ipsum
565 2463 646 2523 enirn
657 2471 779 2536 tectum,
789 2463 956 2543 antiquitus
970 2484 1037 2524 con-

149 2544 299 2617 stitutum,
313 2544 384 2622 plus
403 2543 474 2603 salis
495 2564 586 2622 quarn
606 2553 745 2622 sumptus
761 2544 909 2616 habebat;
930 2545 1036 2622 inquo

149 2624 226 2683 nihil
241 2623 451 2696 commutavit,
464 2624 523 2684 nisi
542 2624 567 2683 si
588 2624 661 2703 quid
676 2633 826 2684 vetustate
843 2635 963 2685 coactus
983 2632 1035 2684 est.

148 2702 231 2768 Usus
244 2715 289 2765 est
302 2703 430 2776 familia,
440 2705 465 2763 si
479 2704 612 2764 utilitate
622 2704 823 2783 judicandum
837 2714 890 2778 est,
904 2705 1035 2783 optima;
1051 2707 1090 2768 30

147 2786 173 2845 si
186 2785 294 2857 forma,
309 2785 364 2844 vix
385 2785 536 2845 mediocri.
577 2784 719 2862 Namque
739 2784 771 2842 in
792 2805 827 2844 ea
843 2794 930 2844 erant
950 2785 1035 2862 pueri

147 2864 368 2936 litteratissimi,
382 2874 565 2942 anagnostae
579 2864 697 2943 optimi,
711 2873 742 2922 et
763 2863 886 2942 plurimi
910 2864 1036 2936 librarii,

146 2955 181 3005 ut
204 2966 243 3006 ne
268 2945 448 3024 pedisequus
472 2945 594 3023 quidem
614 2944 773 3023 quisquam
798 2953 882 3017 esset,
903 2944 1036 3023 quinon

145 3034 311 3104 utrumque
331 3025 439 3084 horum
460 3025 587 3103 pulchre
607 3025 706 3084 facere
726 3032 840 3102 posset;
860 3024 926 3102 pari
948 3024 1036 3083 modo

145 3106 276 3166 artifices
311 3104 410 3176 ceteri,
459 3126 511 3164 uos
539 3105 639 3164 cultus
673 3105 852 3164 domesticus
869 3103 1036 3175 desiderat,
1051 3104 1090 3164 35

144 3187 284 3265 apprime
297 3184 378 3246 boni.
419 3126 526 3263 Neque
539 3194 641 3242 tamen
655 3184 763 3242 horum
778 3202 968 3258 quemquam,
979 3183 1037 3240 nisi

144 3267 227 3327 domi
248 3275 355 3324 natum
377 3264 518 3340 domique
538 3263 664 3330 factum,
678 3259 803 3328 habuit;
824 3259 904 3334 quod
919 3267 962 3314 est
982 3259 1038 3331 sig-

144 3367 217 3405 num
239 3364 303 3405 non
324 3343 422 3402 solum
443 3339 655 3408 continentiae,
671 3335 723 3393 sed
744 3335 834 3390 etiam
856 3333 1037 3404 diligentiae.

145 3425 227 3485 Nam
255 3433 287 3483 et
313 3442 376 3481 non
402 3422 639 3496 intemperanter
667 3411 883 3484 concupiscere,
911 3405 990 3478 quod
1020 3423 1040 3458 a
