2475 3792
160 267 203 332 74
431 285 645 332 ooaunnrr
674 267 866 334 aarorrs.

397 648 545 722 XVII.
575 649 917 722 AGESILAUS.

550 810 765 852 —oossossoo—
880 821 888 834 ·

143 931 147 938 ’
255 932 281 996 Ι.
315 930 511 1006 Acamanta,
539 931 805 1005 Lacedaemonius,
840 953 910 992 cum
943 951 964 992 a
999 930 1108 992 ceteris

215 1013 411 1093 scriptoribus
438 1022 504 1073 tum
531 1013 643 1074 eximie
670 1033 689 1072 a
715 1012 920 1090 Xenophonte
949 1011 1108 1072 Socratico

215 1093 406 1154 collaudatus
432 1102 493 1166 est;
525 1113 559 1153 eo
583 1092 664 1152 enim
691 1112 762 1152 usus
789 1100 834 1151 est
860 1091 1107 1152 familiarissime.

216 1173 280 1234 Hic
293 1173 426 1252 primum
441 1173 479 1233 de
499 1193 591 1252 regno
611 1192 682 1232 cum
702 1171 898 1252 Leotychide,
912 1172 1017 1232 fratris
1030 1172 1108 1245 filio,

183 1253 325 1314 bhabuit
346 1253 575 1313 contentionem.
617 1251 686 1312 Mos
713 1260 757 1311 est
784 1251 865 1312 enim
892 1272 911 1311 a
937 1252 1108 1332 majoribus

202 1332 463 1394 lacedaemoniis
489 1333 628 1405 traditus,
650 1340 686 1392 ut
712 1333 787 1392 duos
813 1331 960 1391 haberent
986 1353 1108 1412 semper

217 1435 309 1492 reges,
330 1413 452 1472 nomine
474 1414 570 1491 magis
592 1433 684 1491 quam
706 1412 841 1505 imperio,
860 1433 899 1472 ex
921 1412 1040 1472 duabus
1063 1413 1108 1472 fa·

216 1494 309 1554 millis
325 1493 427 1552 Procli
441 1502 471 1553 et
485 1493 695 1571 Eurysthenis,
710 1513 763 1572 qur
782 1493 933 1571 principes
946 1513 986 1552 ex
999 1513 1108 1572 proge-

217 1574 266 1633 nie
297 1572 440 1633 Herculis
466 1571 595 1652 Spartae
622 1594 705 1652 reges
733 1573 864 1632 fuerunt.
914 1572 1036 1632 Horum
1066 1593 1107 1634 ex

166 1652 205 1713 10
217 1654 313 1714 altera
336 1653 367 1712 in
391 1653 515 1713 alterius
537 1653 672 1712 familiae
693 1652 793 1712 locum
815 1652 880 1712 fieri
901 1673 962 1712 non
984 1653 1106 1713 licebat

217 1733 326 1813 Itaque
345 1743 474 1812 utraque
493 1754 582 1793 snum
605 1732 755 1793 retinebat
778 1732 922 1793 ordinem.
964 1732 1107 1792 Primum

217 1815 294 1875 ratio
315 1813 492 1886 habebatur,
507 1813 559 1892 qui
579 1813 731 1872 maximus
751 1823 825 1873 natu
847 1821 921 1872 esset
941 1834 980 1872 ex
1001 1813 1107 1873 liberis

218 1897 290 1975 ejus,
302 1895 356 1974 qui
377 1914 505 1972 regnans
525 1893 703 1954 decessisset.
744 1893 797 1953 Sin
817 1893 976 1954 isvirilem
996 1914 1106 1953 sexum

217 1996 277 2035 non
291 1975 468 2053 reliquisset,
481 1983 547 2034 tum
568 1973 766 2052 deligebatur,
780 1973 832 2052 qui
852 1974 1008 2052 proximus
1029 1982 1107 2033 esset

164 2055 204 2114 15
218 2055 451 2148 propinquitate.
493 2053 635 2114 Mortuus
654 2063 720 2114 erat
739 2053 817 2132 Agis
837 2074 900 2126 rex,
913 2054 1008 2113 frater
1024 2053 1106 2132 Age-

218 2135 303 2208 sila1;
324 2133 422 2193 filium
444 2133 607 2213 reliquerat
629 2133 855 2214 Leotychidem,
869 2154 958 2212 quem
979 2133 1033 2194 ille
1053 2155 1106 2194 na-

218 2224 284 2276 tum
303 2235 365 2275 non
385 2223 513 2293 agnorat
522 2235 530 2287 ;
551 2213 680 2273 eundem
694 2214 824 2273 moriens
843 2234 932 2273 suum
946 2234 1007 2273 csse
1021 2214 1106 2273 dixe-

218 2304 275 2356 rat.
317 2294 348 2354 Is
361 2294 400 2354 de
420 2296 532 2354 honore
553 2294 639 2374 regni
660 2314 729 2353 cum
743 2292 896 2372 Agesilao,
910 2314 963 2353 suo
984 2303 1105 2372 patruo,

168 2394 171 2402 ’
219 2375 391 2447 contendit;
418 2394 515 2452 neque
539 2373 580 2446 id,
601 2373 682 2452 quod
707 2373 823 2453 petivit,
848 2382 1023 2433 consecutus
1051 2384 1104 2434 est.

163 2456 205 2518 20
218 2456 300 2516 Nam
321 2454 480 2534 Lysandro
500 2454 694 2532 suffragante,
714 2453 844 2525 homine,
865 2462 900 2513 ut
920 2454 1104 2514 ostendimus

218 2556 319 2614 supra,
333 2536 457 2595 factioso
471 2542 501 2594 et
523 2534 570 2594 his
590 2532 777 2611 temporibus
796 2535 927 2613 poterite,
942 2533 1103 2614 Agesilaus

218 2616 369 2677 antelatus
383 2624 435 2675 est.

260 2695 302 2756 II.
324 2694 396 2768 Hic,
407 2694 501 2755 simul
521 2703 612 2774 atque
626 2693 745 2773 imperii
759 2694 873 2773 potitus
888 2703 942 2767 est,
956 2695 1104 2773 persuasit

219 2775 474 2848 Lacedaemoniis,
498 2783 533 2834 ut
557 2775 724 2835 exercitum
748 2775 920 2835 emitterent
943 2774 975 2833 in
996 2775 1103 2835 Asiam

164 2857 204 2922 25
218 2857 392 2934 bellumque
412 2856 476 2933 regi
496 2855 646 2927 facerent;
667 2854 776 2914 docens
796 2855 889 2914 satius
902 2875 964 2916 esse
982 2855 1013 2914 in
1028 2855 1103 2915 Asia

218 2957 310 3016 qnam
331 2936 363 2994 in
383 2935 510 3014 Europa
530 2934 677 2994 dimicari.
719 2934 860 3013 Namque
877 2935 959 2994 fama
978 2935 1103 3008 exierat,

218 3017 423 3078 Artaxerxem
445 3035 619 3094 comparare
640 3013 747 3075 classes
767 3015 975 3094 pedestresque
993 3016 1104 3075 exerei-

218 3107 275 3169 tus,
297 3116 373 3175 quos
400 3095 433 3153 in
460 3093 622 3154 Graeciam
648 3096 788 3154 mitteret.
838 3094 921 3154 Data
948 3105 1103 3173 potestate,

218 3185 304 3236 tanta
319 3174 471 3235 celeritate
492 3194 563 3233 usus
584 3182 637 3246 est,
651 3184 686 3234 ut
706 3175 790 3253 prius
807 3174 840 3232 in
853 3173 961 3233 Asiam
975 3195 1045 3234 cum
1060 3196 1104 3234 co

164 3255 205 3315 30
217 3255 276 3333 piis
302 3253 482 3332 pervenerit,
510 3273 600 3331 quam
630 3253 705 3333 regii
731 3262 873 3331 satrapae
898 3274 967 3313 eum
995 3255 1104 3314 scirent

218 3332 394 3424 profectum.
436 3331 508 3408 Quo
532 3331 648 3390 factum
672 3341 725 3404 est,
748 3341 783 3392 ut
810 3353 912 3392 omnes
940 3334 1105 3412 imparatos

218 3411 481 3489 rmprudentesque
503 3410 674 3470 offenderet.
716 3410 754 3470 Id
782 3420 816 3471 ut
844 3414 986 3490 cognovit
1009 3413 1105 3474 Tissa-

217 3490 354 3568 phernes,
365 3489 418 3568 qui
432 3509 583 3548 summum
597 3490 759 3568 imperium
770 3499 836 3550 tum
850 3492 929 3550 inter
938 3493 1105 3571 praefectos
