2475 3792
459 254 723 302 pausamus.
1046 239 1088 304 25

137 409 210 472 baec
231 411 404 473 sententia:
432 431 486 473 suo
507 410 604 473 ductu
625 410 769 475 barbaros
789 411 873 492 apud
893 410 1034 474 Plataeas

138 512 199 550 esse
219 492 348 565 deletos,
363 493 487 572 ejusque
499 492 648 555 victoriae
667 514 738 572 ergo
758 492 899 573 Apollini
919 493 1033 554 donum

138 571 264 632 dedisse.
309 572 378 633 Hos
402 593 505 634 versus
533 573 768 634 Lacedaemonii
795 573 1033 653 exsculpserunt,

138 669 238 730 nequa
259 651 349 712 aliud
369 653 554 732 scripserunt
578 667 671 732 quam
694 654 818 714 nomina
838 673 943 715 earum
962 654 1033 717 civi·

138 738 250 804 tatum,
265 751 400 810 quarum
413 734 530 792 auxilio
545 732 656 792 Persae
668 744 755 794 eraut
768 733 851 795 victi.
975 741 1018 810 4-
1067 736 1087 797 ὅ

181 810 225 872 Π.
254 812 331 872 Post
358 812 390 872 id
417 813 567 891 proelium
595 813 724 872 eundem
751 813 936 876 Pausaniam
962 835 1033 876 cum

139 892 236 953 classe
250 892 407 952 communi
426 892 562 972 Cyprum
583 902 674 971 atque
694 893 928 973 Hellmpontum
948 897 1033 956 mise·

140 982 223 1045 runt,
238 981 275 1032 ut
293 993 333 1032 ex
354 973 401 1032 his
422 973 594 1051 regionibus
608 972 806 1034 barbarorum
821 977 970 1053 praesidia
983 977 1032 1036 ‹le-

141 1052 278 1132 pelleret.
321 1052 395 1112 Pari
422 1053 568 1113 felicitate
595 1053 626 1112 in
654 1074 690 1113 ea
717 1075 750 1113 re
777 1075 848 1114 usus
871 1056 979 1116 elatius
1000 1077 1032 1116 aa

181 1153 246 1193 rere
267 1133 368 1211 eoepit
388 1135 575 1212 majoresque
594 1144 735 1213 appetere
754 1155 809 1194 ros.
850 1134 931 1195 Nam
952 1157 1031 1210 oum,
1046 1137 1086 1198 10

143 1154 296 1292 ῗγωηῑίο
323 1223 507 1291 expugnato,
530 1213 655 1292 cepisset
677 1214 847 1293 complures
870 1215 1030 1277 Persarum

143 1293 269 1365 nobiles,
285 1302 378 1372 atqua
390 1293 423 1352 in
436 1293 484 1353 his
502 1293 666 1354 nonnullos
679 1294 757 1373 regis
772 1295 963 1376 propinquos,
977 1297 1032 1358 bos

144 1373 224 1434 olam
248 1373 352 1433 Xerxi
377 1374 499 1447 remisit,
521 1373 667 1434 simulans
688 1394 729 1434 ex
748 1375 878 1437 vinculis
902 1376 1032 1456 publicis

145 1454 282 1533 effugisse
291 1457 351 1534 pet
371 1475 440 1514 cum
467 1454 515 1514 his
543 1452 719 1533 Gongylum
746 1454 958 1530 Eretriensem,
979 1457 1031 1536 qui

145 1534 261 1594 litteras
283 1534 348 1614 regi
369 1535 516 1609 redderet,
530 1534 564 1594 in
583 1535 694 1614 quibus
713 1535 789 1596 haec
809 1537 899 1597 fluisse
918 1537 977 1597 scri
999 1548 1032 1598 ta
1046 1538 1085 1599 15

146 1614 339 1694 Thucydides
373 1616 536 1675 memoriae
569 1616 723 1695 prodidit:
764 1616 939 1690 Pausanias,
988 1638 1032 1678 ux

145 1694 283 1774 Spartae,
292 1716 366 1774 quos
381 1695 524 1774 Byzantii
538 1707 666 1776 ceperat,
675 1705 834 1776 postquam
848 1698 1032 1778 propinquos

146 1783 212 1835 tuos
226 1777 379 1854 cognovit,
393 1775 451 1835 tibi
468 1777 587 1836 muneri
607 1778 699 1850 misit,
712 1797 803 1856 seque
822 1786 921 1859 tecum
936 1779 1031 1839 allini-

146 1863 207 1927 tate
218 1855 362 1935 conjungi
371 1857 470 1935 cupit3
485 1877 587 1934 quare,
596 1857 621 1918 si
634 1857 692 1918 tibi
700 1858 830 1931 videtur,
839 1858 891 1918 des
899 1860 926 1920 ei
935 1859 1030 1920 filiam

30 1981 32 1986 .
146 1945 230 1996 tuam
245 1945 385 2015 nuptum.
396 1935 466 1998 e-Id
479 1937 505 1996 si
519 1937 632 2010 feceris,
646 1946 677 1998 et
696 1938 838 2017 Spartam
852 1948 883 1999 et
901 1949 1030 2000 ceteram
1044 1940 1085 2001 20

147 2015 307 2076 Graeciam
317 2015 373 2077 sub
381 2026 467 2076 tuam
477 2026 663 2096 potestatem,
672 2039 704 2078 se
713 2019 878 2097 adjuvaute
891 2027 922 2080 te
931 2020 1032 2080 rodac-

147 2105 249 2156 turum
263 2096 434 2175 pollicetur.
476 2095 536 2156 His
547 2098 683 2158 derebus
697 2098 804 2177 siquid
818 2100 881 2177 geri
890 2100 1031 2173 volueris,

147 2187 262 2237 certum
276 2177 430 2237 hominem
445 2176 486 2237 ad
500 2198 570 2236 eum
582 2179 686 2238 mittas
700 2180 774 2251 face,
785 2199 854 2238 cum
869 2200 928 2258 quo
942 2180 1032 2240 collo-

147 2268 266 2336 quatur.
305 2257 374 2316 Rex
388 2266 434 2318 tot
453 2258 609 2316 hominum
623 2259 722 2318 salute
741 2268 805 2318 tam
824 2259 882 2319 sibi
902 2281 1032 2320 neeessa-

147 2338 260 2398 riorum
281 2357 465 2418 magnopere
488 2339 618 2416 gavisus,
639 2339 795 2398 confestim
815 2359 884 2399 curn
905 2341 1031 2420 epistola
1044 2344 1085 2404 25

147 2417 336 2478 Artabazum
360 2419 400 2478 ad
425 2417 609 2478 Pausaniam
632 2419 736 2492 mittit,
749 2419 782 2478 in
803 2440 863 2498 qua
883 2441 952 2480 eum
973 2421 1031 2482 col-

148 2497 268 2572 laudat;
289 2519 326 2558 ao
339 2499 426 2578 petit,
439 2518 478 2558 ne
495 2499 544 2558 cui
563 2499 606 2558 rei
624 2508 731 2578 parcat
750 2499 792 2560 ad
811 2521 847 2560 ea
866 2502 1030 2574 efficienda,

147 2599 222 2658 quae
250 2579 441 2659 polliceatur.
481 2579 513 2640 Si
538 2579 651 2653 fecerit,
675 2580 791 2640 nullius
817 2582 861 2641 rei
888 2602 907 2642 a
932 2601 965 2641 se
987 2602 1031 2641 re

146 2660 263 2738 pulsam
285 2660 431 2720 laturum.
472 2659 580 2738 Hujus.
599 2661 767 2720 Pausanias
786 2661 943 2722 voluntate
964 2682 1029 2740 cog·

145 2741 217 2813 uita,
229 2741 360 2800 alacrior
368 2740 409 2799 ad
420 2759 483 2799 rem
493 2741 657 2820 gerendam
667 2742 774 2813 laetus,
784 2741 817 2800 in
830 2743 1029 2820 suspicionem
1043 2744 1083 2804 30

145 2821 252 2882 cecidit
280 2819 599 2880 lacedaemoniorum.
647 2819 687 2879 In
714 2840 773 2899 quo
800 2821 880 2881 facto
906 2821 1030 2881 domum

144 2909 310 2973 revocatus,
339 2909 496 2960 accusatus
524 2899 641 2978 capitis,
669 2900 853 2971 absolvitur;
881 2902 1031 2961 multatur

144 2988 245 3041 tamen
259 2979 406 3059 pecunia:
428 2999 520 3058 quam
533 2979 572 3040 ob
587 3000 709 3040 eausam
728 2981 768 3040 ad
788 2980 912 3041 classem
930 2983 1031 3042 remis·

143 3080 192 3120 sus
205 3081 267 3120 non
281 3069 334 3120 est

182 3140 244 3200 III.
266 3139 312 3199 At
326 3137 380 3198 ille
393 3147 460 3218 post
473 3161 534 3199 nou
548 3139 646 3200 multo
665 3161 721 3201 sua
740 3147 847 3219 sponte
865 3138 905 3201 ad
919 3142 1030 3201 exerci·
1044 3141 1084 3202 35

144 3227 208 3280 tum
230 3220 331 3291 rediit,
352 3227 383 3278 et
406 3219 449 3278 ibi
472 3240 534 3278 non
557 3221 679 3291 callida,
692 3220 744 3278 sed
764 3220 897 3278 dementi
914 3220 1031 3278 ratione

103 3307 111 3320 '
145 3320 178 3359 co
199 3300 277 3358 itata
291 3297 442 3376 patefecit.
483 3298 557 3356 Non
575 3299 657 3356 euim
676 3315 774 3353 mores
791 3297 904 3382 patrios
924 3295 1031 3363 solum,

144 3321 198 3437 scd
216 3378 310 3436 etiam
332 3375 449 3436 cultum
467 3377 670 3450 vestitumque
688 3379 829 3429 mutavlt.
869 3370 1032 3452 Apparatu

145 3457 226 3536 rugio
256 3455 410 3528 utebatur,
437 3463 521 3516 vesto
548 3451 700 3519 Medioa3¹
720 3446 864 3505 satellites
891 3441 977 3498 Meu
1003 3449 1034 3497 ot
