2475 3792
409 258 738 308 rnaasraunus.
1031 249 1074 316 41

120 414 187 476 fuit.
229 415 325 478 Haec
341 417 425 477 enim
439 416 507 477 illos
525 437 629 496 segnes
645 415 685 476 ad
702 418 950 498 persequendum,
964 421 1019 484 hos

119 505 233 571 autem,
247 507 393 577 tempore
414 498 454 559 ad
474 498 712 578 comparandum
733 499 814 572 dato,
828 500 900 561 fecit
917 502 1019 564 robus·

118 579 218 640 tiores.
264 580 342 657 Quo
358 581 455 660 magis
465 589 660 660 praeceptum
668 580 747 639 illud
758 581 893 642 omnium
907 582 940 642 in
954 585 1017 644 ani·

118 660 175 718 mis
200 681 266 720 esse
292 661 406 723 debet:
428 662 516 721 Nihil
537 663 568 721 in
589 663 670 722 bello
691 672 828 740 oportere
849 665 1017 737 contemni;

117 759 217 819 neque
230 742 302 801 sine
317 763 411 802 causa
421 743 498 802 dici:
512 752 640 802 matrem
650 741 752 803 timidi
762 742 833 802 flere
843 763 903 803 non
913 745 1016 806 solere.
1050 746 1070 806 5

117 820 228 901 Neque
247 831 358 884 tamen
380 844 435 902 pro
455 824 596 902 opinione
615 822 799 903 Thrasybuli
820 835 926 886 auctae
945 836 1017 887 sunt

116 923 197 982 opes
220 904 333 964 xNam
349 905 416 985 jam
437 914 503 965 tum
523 904 585 965 illis
605 905 792 984 temporibus
816 906 922 968 fortius
943 907 1017 968 boni

115 1005 172 1063 pro
193 983 348 1047 libertate
368 985 570 1065 loquebantur
590 1007 684 1066 quam
704 986 890 1065 pugnabant.
931 987 1016 1050 Hinc

116 1067 148 1124 in
163 1066 320 1127 Piraeum
333 1069 455 1128 transiit
471 1067 733 1147 Munychiamque
746 1069 887 1129 munivit.
924 1067 1016 1130 Hanc

116 1147 163 1230 bis
177 1150 313 1228 tyranni
328 1170 505 1229 oppugnare
516 1159 587 1210 sunt
600 1150 709 1222 adorta
723 1149 763 1210 ab
777 1169 871 1230 eaque
887 1150 1016 1228 turpiter
1030 1149 1069 1211 10

117 1229 236 1308 repulsi
260 1231 404 1311 protinus
426 1232 460 1290 iu
483 1229 599 1303 urbem,
622 1229 715 1290 armis
735 1231 1015 1310 impedimentisque

117 1311 251 1385 amissis,
280 1311 468 1390 refugerunt.
522 1310 604 1373 Usus
637 1319 683 1371 est
715 1310 924 1390 Thrasybulus
953 1331 1015 1372 non

117 1392 223 1453 minus
245 1393 413 1472 prudentia
433 1412 525 1472 quarn
546 1392 733 1454 fortitudine.
774 1391 857 1451 Nam
878 1392 1015 1454 cedentes

117 1473 234 1534 violari
256 1475 383 1547 vetuit}
395 1473 476 1535 cives
496 1474 576 1533 enim
601 1473 719 1535 civibus
739 1493 862 1552 parcere
885 1494 1014 1553 aequum

119 1555 278 1615 censebat.
319 1553 427 1634 Neque
447 1555 609 1634 quisquam
628 1562 673 1613 est
685 1553 871 1628 vulneratus,
885 1554 943 1613 nisi
962 1555 1014 1634 qui
1030 1554 1069 1614 15

118 1638 206 1715 prior
228 1638 413 1716 impugnare
431 1637 538 1698 voluit.
580 1635 743 1695 Neminem
760 1636 911 1714 jacentem
932 1645 1015 1696 vesta

119 1718 289 1797 spoliavit;
309 1717 355 1776 nil
376 1717 487 1796 attigit,
507 1717 566 1776 nisi
586 1737 681 1790 arma,
701 1736 830 1796 quorum
850 1715 1015 1795 indigebat,

120 1820 267 1879 quaeque
279 1800 319 1860 ad
332 1799 450 1860 victum
463 1797 663 1878 pertinebant
705 1797 743 1857 In
756 1798 887 1857 secundo
900 1796 1015 1875 proelio

120 1881 238 1941 cecidit
252 1879 371 1952 Critias,
386 1880 452 1938 dux
469 1888 678 1959 tyrannorum,
692 1898 762 1937 cum
783 1877 905 1956 quidem
925 1879 1015 1938 exad-

122 1982 231 2024 versus
245 1961 472 2041 Thrasybulum
485 1960 645 2020 fortissime
657 1968 814 2037 pugnaret.
1029 1958 1068 2018 20

165 2043 230 2105 ΙΠ.
253 2042 323 2103 Hoc
343 2043 458 2121 dejecto
477 2040 644 2102 Pausanias
657 2040 742 2101 venit
756 2039 869 2099 Atticis
889 2037 1014 2112 auxilio,

124 2145 182 2185 rex
210 2124 529 2185 Lacedaemoniorum.
572 2122 602 2182 Is
630 2123 708 2180 inter
735 2119 961 2199 Thrasybulum
985 2127 1015 2178 et

126 2227 186 2280 eos,
200 2206 255 2286 qui
268 2205 376 2264 urbem
389 2203 541 2277 tenebant,
556 2202 628 2263 fecit
645 2222 750 2281 pacem
768 2199 816 2260 his
835 2198 1016 2260 condicioni·
1062 2265 1069 2282 ⁹

126 2287 201 2348 bus:
224 2308 263 2347 ne
280 2286 333 2366 qui
346 2295 466 2364 praeter
481 2285 608 2364 triginta
627 2291 771 2363 tyrannos
789 2289 820 2340 et
836 2280 947 2353 decem,
962 2281 1014 2360 qui

128 2378 233 2449 postea
254 2376 408 2448 praetores
432 2366 524 2426 creati
545 2365 706 2444 superioris
725 2383 809 2421 more
828 2360 1015 2422 crudelitatis
1029 2361 1068 2420 25

129 2459 217 2511 eraut
240 2448 297 2523 usi,
317 2447 508 2508 afficerentur
531 2444 655 2516 exsilio;
676 2464 754 2504 neve
777 2442 857 2502 bona
881 2441 1015 2520 publica-

130 2541 251 2604 rentur;
277 2529 324 2589 rei
343 2527 485 2608 publicae
505 2525 677 2606 procuratio
697 2523 811 2602 populo
830 2522 1014 2582 redderetur.

131 2613 327 2674 Praeclarum
355 2609 414 2669 hoc
440 2627 559 2701 quoque
584 2604 779 2684 Thrasybuli,
800 2604 891 2682 quod,
914 2623 1016 2662 recon-

131 2695 234 2756 ciliata
251 2712 335 2773 pace,
350 2711 421 2752 cum
434 2689 601 2769 plurimum
613 2688 647 2747 in
661 2686 785 2746 civitate
797 2693 903 2764 posset,
917 2683 1016 2762 legem

130 2776 210 2850 tulit,
224 2795 263 2834 ne
279 2775 348 2854 quis
368 2781 441 2832 aute
459 2779 597 2830 actarum
612 2787 715 2828 rerum
733 2774 924 2826 accusaretur
939 2784 1016 2824 neve
1030 2764 1070 2824 30

130 2858 331 2928 multaretur;
376 2871 504 2930 eamque
536 2851 583 2912 illi
617 2847 778 2911 oblivionis
811 2845 1015 2935 appellarunt.

130 2940 238 3019 Neque
248 2957 322 3000 vero
329 2936 411 2995 hauc
419 2942 538 2994 tantum
549 2933 705 2993 ferendam
715 2930 843 3002 curavit,
852 2925 905 2987 sed
915 2933 1017 3000 etlam,

131 3029 166 3082 ut
185 3020 311 3092 valeret,
334 3014 439 3075 eli'ecit.
480 3013 562 3074 Nam
589 3033 659 3072 cum
686 3010 811 3092 quidam
834 3027 875 3068 ex
897 3006 943 3079 iis,
963 3007 1017 3086 qui

131 3101 222 3163 simul
236 3121 308 3161 oum
322 3118 358 3158 eo
372 3097 404 3154 in
418 3094 523 3154 exsilio
533 3094 663 3166 fuerant,
674 3092 795 3152 caedem
805 3089 904 3148 facere
913 3105 1017 3145 eorum

131 3183 255 3255 vellent,
267 3200 339 3242 cum
353 3176 461 3256 quibus
475 3175 508 3235 in
521 3175 652 3254 gratiam
666 3173 796 3232 reditum
810 3176 875 3229 erat
889 3164 1017 3246 publice,
1032 3164 1071 3224 35

132 3261 291 3346 prohibuit
305 3268 336 3320 et
349 3258 390 3331 id,
405 3256 486 3337 quod
499 3255 654 3336 pollicitus
667 3263 740 3321 erat,
754 3247 912 3328 praestitit.

172 3343 231 3405 IV.
253 3341 340 3402 Huic
361 3358 416 3417 pro
437 3337 540 3397 tantis.
550 3333 665 3392 meritis
678 3329 800 3387 honoris
814 3341 924 3382 corona
937 3341 956 3376 a
969 3340 1020 3394 po-

112 3423 115 3432 ’
134 3424 207 3504 pulo
221 3423 296 3484 data
311 3428 364 3491 est,
378 3418 461 3476 facta
481 3413 600 3473 duabus
612 3407 742 3499 virgulis
762 3399 916 3474 olcaginia,
929 3415 1021 3468 quam

134 3504 216 3585 quod
240 3520 328 3564 amor
352 3497 467 3560 civium
489 3502 519 3554 et
539 3509 603 3551 non
623 3505 670 3547 vrs
691 3483 885 3567 expresserat,
905 3470 1024 3526 nullam
