2475 3792
186 233 248 296 108
471 247 684 295 sorar-:1211
715 246 908 292 urrorrs.

237 413 292 478 ret,
306 423 384 484 quae
397 402 604 476 tradebantur,
618 403 670 464 sed
685 404 776 463 etiam
793 403 976 463 excellenter
995 422 1136 482 pronun·

237 485 335 544 tiaret
378 483 450 559 Qua
466 503 505 543 ex
521 505 555 543 re
568 484 601 542 in
615 485 746 562 pueritia
767 483 877 543 nobilis
893 484 972 542 inter
986 483 1137 562 aequales

238 564 399 635 ferebatur,
414 563 584 655 clariusque
597 562 863 642 exsplendescebat
878 584 970 642 quam
990 563 1136 642 generosi

238 643 437 722 condiscipuli
450 664 552 705 animo
565 662 661 722 aequo
675 644 753 703 ferre
764 652 890 722 possent
933 643 1046 721 Itaque
1061 643 1137 701 inci-

204 724 324 786 dtabat
344 744 446 784 omnes
465 724 566 783 studio
585 743 657 794 suo;
678 725 783 802 quoin
798 742 923 783 numero
945 723 1077 782 fuerunt
1099 722 1136 782 L.

238 805 417 884 Torquatus,
431 803 464 864 C.
480 803 598 863 Marius
611 803 702 876 filius,
717 803 759 864 M.
775 803 879 864 Cicero
889 819 905 862 z·
918 823 992 881 quos
1007 822 1137 862 consue

237 886 343 946 tudine
365 884 483 944 suasio
504 883 561 944 sibi
584 883 733 958 devinxit,
756 893 791 944 ut
813 903 900 944 nemo
922 884 959 942 iis
981 892 1136 962 perpetuo

237 966 329 1026 suerit
343 966 448 1026 carior,

277 1045 320 1105 II.
348 1046 440 1105 Pater
466 1054 585 1104 mature
608 1043 741 1104 decessit.
792 1042 861 1123 Ipse
885 1043 1136 1105 adolescentulus

186 1125 224 1189 10
237 1136 359 1205 propter
380 1126 558 1186 affinitatem
580 1125 615 1185 P.
638 1125 775 1204 Sulpicii,
794 1125 846 1204 qni
868 1124 1011 1184 tribunus
1033 1124 1134 1204 plebis

237 1207 411 1267 interfectus
424 1216 477 1279 est,
492 1225 551 1266 non
566 1225 674 1284 expers
688 1205 747 1266 fnit
761 1205 843 1264 illius
857 1204 994 1284 periculi.
1036 1204 1070 1264 N
1071 1225 1134 1264 am·

257 1307 295 1347 ue
305 1286 425 1360 Anicia,
437 1286 596 1365 Pomponii
607 1285 794 1356 consobrina,
804 1293 947 1364 nupserat
957 1284 1002 1345 M.
1011 1283 1132 1358 Servio,

236 1308 324 1427 latri
350 1366 486 1446 Sulpicii.
535 1365 645 1446 Itaque
672 1365 828 1426 interfecto
852 1365 995 1444 Sulpicio·
1012 1375 1131 1444 postea-

237 1468 328 1526 quam
340 1447 419 1507 vidit
428 1446 566 1508 Cinnano
580 1446 715 1506 tumultu
729 1446 883 1506 civitatem
898 1465 960 1505 esse
970 1445 1130 1524 perturba*-

186 1526 222 1586 15
237 1537 309 1600 tam,
320 1547 417 1606 neque
429 1527 486 1587 sibi
497 1527 564 1586 dari
574 1528 752 1587 facultatem
762 1545 817 1605 pro
829 1524 979 1604 dignitate
990 1526 1125 1598 vivendi,

237 1608 310 1687 quin
325 1608 502 1668 alterutram
517 1617 635 1686 partem
649 1607 820 1680 offenderet,
834 1604 1001 1666 dissociatis
1015 1607 1125 1666 animis

237 1689 359 1760 civium,
384 1709 453 1748 oum
480 1688 534 1748 alii
560 1687 705 1761 Sullanis,
732 1688 786 1748 alii
813 1687 959 1748 Cinnanis
987 1686 1125 1748 faverent

236 1768 382 1849 partibus,
404 1769 545 1829 idoneum
568 1778 686 1848 tempus
708 1779 791 1829 ratus
812 1767 919 1829 studiis
940 1767 1123 1848 obsequendi

235 1849 306 1922 suis,
325 1848 463 1908 Athenas
487 1869 518 1908 se
542 1849 678 1909 eontulit.
720 1849 827 1928 Neque
848 1869 883 1910 eo
905 1848 1003 1909 secius
1026 1848 1123 1909 adole

183 1930 222 1991 20
235 1939 365 1990 suentem
394 1929 537 2002 Marium,
561 1931 677 1990 host-em
700 1930 881 2010 judicatum,
904 1929 988 2008 juvit
1017 1931 1122 2010 opibus

235 2010 315 2082 suis;
337 2011 422 2088 cujus
439 2010 544 2088 fugam
566 2010 696 2088 pecunia
715 2010 895 2072 sublevavit.
937 2010 987 2070 Ac
1010 2032 1048 2072 ne
1069 2012 1121 2072 illa

235 2089 1120 2170 peregrinatiodetrimentumaliquodafferretreifamiliari,

235 2170 338 2230 eodem
360 2190 500 2248 magnam
522 2180 639 2249 partem
654 2171 843 2232 fortunarum
858 2173 976 2250 trajecit
990 2192 1118 2233 suarum.

235 2250 297 2310 Hie
311 2250 355 2309 ita
368 2250 456 2321 vixit,
468 2260 503 2311 ut
516 2251 663 2312 universis
677 2251 913 2312 Atheniensibus
927 2253 1035 2312 merito
1048 2262 1118 2313 esset

182 2331 221 2392 25
235 2330 411 2390 carissimus.
453 2330 535 2390 Nam
549 2342 668 2410 praeter
682 2333 821 2411 gratiam,
836 2353 913 2411 quae
926 2333 993 2412 jam
1008 2333 1039 2391 in
1052 2333 1117 2393 ado

234 2410 398 2470 lescentulo
422 2431 532 2488 magna
556 2421 630 2485 erat,
651 2433 740 2491 saepe
766 2413 827 2472 suis
854 2412 961 2492 opibus
988 2413 1115 2492 inopiam

234 2511 337 2550 eorum
347 2490 502 2569 publicam
512 2492 635 2554 levavit.
677 2491 755 2554 Cum
768 2494 849 2553 enim
859 2513 1014 2555 versuram
1025 2494 1115 2558 facere

233 2570 354 2650 publice
367 2591 484 2631 necesse
494 2583 577 2646 esset,
588 2593 684 2652 neque
698 2575 762 2653 ejus
776 2573 980 2634 condicionem
995 2594 1113 2653 aequam

234 2650 387 2724 haberent,
401 2672 518 2731 semper
535 2673 567 2713 se
588 2653 776 2732 interposuit,
790 2662 882 2732 atque
904 2653 947 2713 ita
970 2663 1005 2714 ut
1025 2675 1113 2734 neque

181 2732 220 2793 30
235 2751 356 2790 usuram
384 2752 529 2811 nmquam
557 2732 597 2793 ab
624 2734 661 2793 iis
688 2734 845 2812 acceperit,
870 2754 966 2813 neque
994 2735 1111 2814 longius,

234 2831 326 2889 quam
340 2811 455 2871 dictum
469 2823 553 2886 osset,
567 2813 675 2874 debere
689 2835 793 2893 passus
813 2814 859 2874 sit.
902 2814 994 2890 Quod
1008 2824 1111 2874 utrum·

234 2911 292 2970 que
311 2901 375 2951 erat
395 2892 432 2951 iis
451 2893 593 2954 salutare.
636 2894 717 2954 Nam
731 2915 828 2973 neque
842 2893 1026 2973 indulgendo
1039 2895 1110 2956 inve-

234 2980 379 3031 terascere
389 2992 492 3032 eorum
507 2995 556 3033 aas
570 2975 703 3034 alienum
719 2974 901 3054 patiebatur,
911 2995 1008 3054 neque
1021 2975 1109 3035 multi-

234 3051 382 3129 plicandis
405 3054 503 3112 usuris
526 3074 663 3114 crescere.
705 3055 806 3115 Auxit
830 3055 886 3114 hoc
908 3054 1037 3115 officium
1055 3056 1108 3116 alia

181 3131 220 3191 35
234 3151 351 3209 quoque
366 3131 557 3193 liberalitate.
600 3134 682 3193 Nam
696 3135 850 3195 universos
864 3135 1016 3196 frumento
1029 3137 1105 3196 dona-

233 3209 287 3279 vit,
299 3210 342 3268 ita
355 3218 390 3268 ut
403 3211 529 3288 singulis
543 3224 657 3291 septem
672 3214 764 3282 modii
778 3215 871 3274 tritici
886 3217 1044 3275 darentur:
1062 3217 1105 3296 qui

232 3287 339 3345 modus
353 3308 509 3350 mensurae
523 3293 693 3353 medimnus
706 3294 837 3355 Athenis
851 3295 1030 3374 appellatur.

273 3364 333 3423 ΙΙΙ.
341 3365 410 3455 ‘Hi-e
421 3377 521 3456 autem
533 3372 576 3431 sie
585 3393 616 3431 se
629 3373 761 3450 gerebat,
773 3383 807 3434 ut
821 3375 988 3435 communis
1002 3375 1104 3450 infimis,

232 3462 289 3519 par
301 3445 488 3520 prmciprbus
504 3449 664 3511 videretur.
705 3453 777 3528 Quo
791 3454 907 3514 factum
928 3465 980 3529 est,
995 3465 1027 3517 ut
1045 3457 1103 3519 huic
