2475 3792
440 245 779 294 rnnrusrocnns.
1060 232 1099 296 19

191 401 232 464 V.
253 401 318 464 Hic
332 403 388 464 etsi
403 404 485 463 male
498 424 563 463 rem
576 412 718 483 gesserat,
728 412 831 464 tamen
841 412 943 465 tantas
955 403 1046 466 habe·

152 480 206 543 hat
224 483 370 563 reliquias
392 485 559 562 copiarum,
573 495 608 544 ut
627 484 720 544 etiam
733 492 800 544 tum
813 485 861 545 his
875 505 915 564 op
937 485 1046 546 rimere

152 564 374 702 ppssethostes.
417 563 535 624 Iterum
549 563 588 624 ab
602 565 708 624 eodem
722 565 821 642 gradu
835 565 894 644 dep
943 586 978 626 us
991 573 1044 626 est

184 664 236 702 am
257 643 474 704 Themistocles
494 665 609 718 verens,
630 664 670 704 ne
694 644 810 705 bellare
831 655 1044 725 perseveraret,

152 723 312 784 certiorem
332 744 403 783 eum
423 725 504 798 fecit,
526 724 558 784 id
582 725 642 804 agi,
663 733 699 785 ut
721 745 806 804 pons,
826 746 917 818 quem
937 725 991 786 ilie
1011 726 1044 786 in
1077 727 1098 788 5

152 803 355 883 Hellesponto
366 804 487 877 fecerat,
499 805 723 878 dissolveretur,
733 825 769 865 ac
780 806 880 866 reditu
892 805 926 866 in
936 805 1044 867 Asiam

151 883 387 957 excluderetur;
414 884 507 963 idque
526 885 554 944 ei
574 886 732 964 persuasit
773 884 823 946 Ita
844 906 882 946 ue
906 907 967 966 qua
989 908 1043 947 sex

150 963 307 1024 mensibus
327 964 386 1024 iter
405 964 528 1038 fecerat,
545 966 652 1025 eadem
671 966 772 1025 minus
791 966 841 1026 die
862 986 897 1026 us
917 967 1043 1046 triginta

66 1077 68 1080 ·
150 1043 184 1102 111
194 1043 305 1104 Asiam
318 1064 456 1106 reversus
470 1055 522 1119 est,
534 1065 624 1125 seque
636 1067 657 1106 a
669 1045 871 1106 Themistocle
883 1067 945 1106 non
957 1067 1042 1126 supe

150 1132 265 1197 ratum,
289 1125 342 1184 sed
366 1135 577 1186 conservatum
596 1126 757 1205 judicavit.
799 1125 849 1187 Sic
872 1127 963 1187 unius
981 1128 1042 1189 viri
1057 1130 1095 1192 10

149 1205 317 1284 prudentia
328 1203 458 1265 Graecia
471 1204 601 1266 liberata
615 1214 660 1266 est
673 1206 874 1285 Europaeque
883 1206 1042 1268 succubuit

149 1284 237 1344 Asia.
280 1284 368 1344 Haec
389 1285 486 1346 altera
506 1285 643 1359 victoria,
678 1306 736 1346 uae
756 1307 826 1346 eum
845 1285 1041 1348 Marathonio
1063 1281 1070 1352 1

149 1365 246 1443 possit
273 1365 444 1443 comparari
470 1307 727 1444 1100000111οω
751 1367 818 1445 pari
841 1367 931 1427 modo
958 1367 1041 1447 apud

149 1445 311 1506 Salamina
323 1465 418 1524 parvo
433 1466 559 1506 numero
572 1446 698 1508 navium
717 1447 853 1506 maxima
866 1456 935 1526 post
946 1447 1041 1509 homi-

148 1545 225 1585 num
240 1527 417 1586 memoriam
432 1526 534 1586 classis
547 1535 591 1586 est
605 1526 733 1587 devicta.
1055 1532 1094 1592 15

191 1605 251 1668 VI.
281 1605 413 1685 Magnus
438 1607 496 1665 hoc
516 1605 597 1667 bello
621 1606 836 1669 Themistocles
855 1607 923 1681 fuit,
943 1629 1041 1687 neque

147 1687 251 1746 minor
269 1686 304 1746 in
323 1707 405 1767 pace.
448 1686 527 1746 (lum
547 1687 629 1746 enim
649 1687 808 1749 Phalerico
828 1698 919 1767 portu
942 1710 1040 1768 neque

146 1787 262 1846 magno
275 1787 373 1846 neque
386 1767 467 1828 hono
480 1766 679 1827 Athenienses
693 1777 858 1842 uterentur,
869 1769 959 1848 hujus
972 1790 1041 1848 con·

145 1849 215 1908 silio
230 1847 346 1926 triplex
360 1847 464 1907 Piraei
476 1856 581 1926 portus
595 1847 776 1908 constitutus
795 1857 849 1922 est,
864 1848 949 1927 isque
961 1869 1040 1910 11100

49 2004 51 2007 .
145 1927 238 1988 nibus
260 1927 477 2002 circumdatus,
491 1936 527 1988 ut
540 1928 637 2006 ipsam
652 1927 759 1987 urbem
771 1928 921 2008 dignitate
940 1932 1040 2009 aequi·
1053 1934 1093 1995 20

146 2017 280 2088 pararet,
307 2009 445 2068 utilitate
477 2017 641 2086 superaret
695 2007 783 2068 Idem
815 2029 918 2069 muros
944 2009 1040 2070 Athe·

146 2089 297 2148 niensium
312 2088 447 2148 restituit
460 2089 623 2167 praecipuo
643 2109 698 2148 suo
713 2088 857 2167 periculo.
898 2089 1039 2170 Namque

147 2167 393 2241 Lacedaemonii,
409 2189 531 2228 causam
545 2169 686 2229 idoneam
699 2170 782 2230 nacti
795 2178 920 2248 propter
932 2170 1039 2231 barba-

146 2270 251 2309 rorum
278 2249 482 2322 excursiones,
510 2269 571 2328 qua
598 2258 753 2328 negarent,
779 2261 918 2328 oportere
950 2262 1038 2312 extra

147 2329 392 2409 Peloponnesum
414 2328 511 2388 ullam
531 2328 638 2389 urbem
659 2329 778 2403 habere,
795 2351 834 2390 ne
855 2330 1091 2393 100001100οἳ5

146 2411 275 2484 munita,
290 2431 370 2490 quae
391 2409 491 2469 hostes
510 2409 704 2488 possiderent,
718 2409 918 2470 Athenienses
937 2412 1037 2471 aedifi-

146 2500 248 2552 cantes
259 2490 424 2571 prohibere
435 2498 506 2549 sunt
516 2489 641 2568 conati-1
666 2490 736 2549 Hoc
747 2490 836 2569 longe
849 2491 910 2550 alio
924 2501 1036 2570 specta·

146 2570 200 2632 bat
220 2582 313 2651 atque
333 2569 434 2634 videri
452 2570 603 2632 volebant.
638 2569 844 2630 ‘Athenienses
864 2571 945 2630 enim
965 2572 1027 2632 dua

146 2651 202 2712 bus
216 2652 363 2724 victoriis,
379 2649 575 2710 Marathonia
595 2658 627 2710 et
646 2650 823 2724 Salaminia,
837 2660 955 2711 tantam
974 2652 1037 2730 glo-

146 2733 223 2794 riam
244 2732 330 2812 apud
351 2751 455 2792 omnes
474 2739 577 2810 gentos
596 2739 685 2791 erant
705 2731 865 2804 consecuti,
879 2741 914 2792 ut
927 2731 1037 2792 intelli·
1052 2735 1091 2794 30

145 2823 252 2894 gerent
278 2811 523 2884 lacedaemonii,
544 2811 583 2872 de
606 2811 780 2890 principatu
807 2811 865 2871 sibi
893 2831 963 2870 cum
989 2812 1036 2872 his

146 2903 301 2955 certamen
314 2893 389 2954 fore.
432 2890 536 2968 Quare
554 2911 604 2952 000
626 2912 718 2970 quam
737 2891 954 2952 infirmissimos
975 2913 1037 2952 esse

144 2975 300 3038 volebant.
343 2972 508 3050 Postquam
522 2980 624 3032 autem
635 2972 798 3032 audierunt
807 2991 909 3031 muros
918 2971 1036 3044 instrui,

145 3053 261 3134 legatos
276 3053 418 3128 Athenas
431 3052 584 3126 miserunt,
595 3053 649 3130 qui
664 3052 695 3110 id
709 3052 774 3110 fieri
788 3060 935 3112 vetarent.
977 3051 1036 3112 His

145 3134 357 3214 praesentibus
379 3132 537 3204 desierunt,
552 3152 589 3192 ac
602 3153 633 3192 00
647 3133 685 3191 de
698 3151 734 3190 ea
747 3152 780 3190 re
793 3131 907 3209 legatos
927 3130 968 3191 ad
988 3152 1037 3191 000
1051 3131 1090 3190 35

145 3216 289 3276 missuros
304 3213 457 3272 dixerunt.
498 3211 591 3271 Hanc
611 3211 794 3288 legationem
814 3209 944 3286 suscepit
961 3210 1037 3268 The-

146 3294 299 3354 mistocles
313 3299 345 3350 et
357 3290 439 3349 solus
452 3291 550 3368 primo
565 3290 716 3367 profectus
736 3296 781 3344 est
792 3307 799 3356 ;
820 3286 931 3373 reliqui
944 3285 1038 3359 legati

146 3383 180 3434 ut
200 3383 271 3434 tum
291 3371 421 3440 exirent,
442 3389 511 3426 cum
535 3368 607 3426 satis
632 3365 762 3423 altitudo
784 3381 864 3417 mun
885 3367 1039 3416 exstructa

146 3453 314 3521 videretur,
343 3447 514 3526 praecepit;
547 3443 671 3502 interim
698 3457 809 3506 omnes,
836 3434 916 3492 servi
949 3440 1041 3504 atque
