2475 3792
179 269 222 334 46
459 286 670 333 coenatu
700 287 891 334 rasponus.

233 441 329 522 magis
356 442 448 504 etiam
475 463 598 503 suorum
626 463 725 515 eausa,
748 442 898 504 studebat
938 441 1059 505 Aderat
1086 443 1121 502 in

233 523 351 601 magnis
375 523 472 597 rebus,
494 524 617 603 ejusque
640 522 765 583 oonsilio
787 523 919 588 multum
938 524 1122 586 movebatur

233 611 389 682 tyrannus,
403 603 461 662 nisi
476 623 536 682 qua
550 603 582 662 in
596 623 630 664 re
643 604 740 682 major
753 603 847 682 ipsius
863 604 1014 683 cupiditas
1027 604 1122 664 inter·

233 691 368 743 cesserat.
409 682 589 762 Legationes
603 703 675 745 vero
696 703 806 756 omnes,
821 703 899 763 quae
918 693 1016 744 essent
1034 683 1123 744 illus·

199 764 218 825 ὅ
232 763 347 836 trieres,
361 783 415 842 per
428 761 559 823 Dionem
573 762 881 836 administrabantur;
902 784 977 842 quas
995 763 1123 844 quidem

231 842 454 922 illediligenter
463 841 610 915 obeundo,
619 842 749 902 fideliter
758 843 1006 917 administrando,
1016 844 1124 904 erude-

232 923 380 984 lissimum
404 943 513 983 nomen
540 923 665 1004 tyranni
690 942 746 982 sua
771 923 963 984 humanitate
988 923 1122 1003 tegebat.

232 1002 327 1064 Hune
347 1023 366 1064 a
387 1003 533 1083 Dionysio
554 1004 678 1064 missum
698 1002 960 1083 Carthaginienses
981 1024 1124 1083 suspexe-

233 1092 313 1157 runt,
323 1093 359 1144 ut
372 1084 522 1144 neminem
536 1103 682 1164 umquam
695 1082 814 1145 Graeca
827 1084 933 1164 lingua
945 1085 1123 1164 loquentem

90 1171 92 1176 ’
180 1163 219 1225 10
233 1185 284 1224 ma
306 1165 403 1224 issint
417 1164 568 1224 admirati.
1233 1202 1234 1219 2

273 1186 316 1305 Igl.
338 1244 445 1324 Neque
459 1264 530 1305 vero
544 1244 619 1306 baec
633 1243 815 1324 Dionysium
829 1243 995 1325 fugiebant
1035 1243 1124 1306 Nam

234 1334 347 1405 quanto
367 1335 443 1384 esset
462 1324 520 1384 sibi
540 1335 717 1385 ornamento
736 1325 892 1386 sentiebat
933 1326 1005 1402 Quo
1018 1325 1123 1401 fiebat,

234 1415 269 1466 ut
291 1405 345 1465 uni
367 1405 440 1466 huie
464 1405 598 1466 maxime
621 1405 801 1486 indulgeret,
821 1427 919 1486 neque
942 1427 1012 1466 eum
1034 1427 1123 1468 secus

235 1486 374 1566 diligeret
401 1506 437 1547 ao
460 1485 567 1548 filium.
615 1485 681 1563 Qui
707 1486 839 1565 quidem,
861 1507 931 1547 cum
958 1486 1122 1547 Platonem

183 1566 221 1627 15
234 1565 401 1627 Tarentum
427 1567 544 1628 venisse
570 1566 654 1628 fama
677 1565 710 1626 in
733 1565 869 1627 Siciliam
893 1575 972 1627 esset
991 1567 1122 1646 perlata,

236 1645 417 1708 adolescenti
430 1667 541 1726 negare
553 1669 615 1708 non
629 1646 770 1727 potuerit,
779 1647 852 1727 quin
866 1668 936 1708 eum
950 1657 1122 1721 aroesseret,

236 1748 305 1788 eum
320 1727 402 1788 Dion
416 1729 480 1807 ejus
493 1728 638 1789 audiendi
652 1728 819 1807 cupiditate
831 1727 983 1807 flagraret
1024 1727 1123 1790 Dedit
1237 1771 1238 1786 2

235 1828 306 1887 ergo
330 1808 401 1868 huie
422 1807 544 1869 veniam
565 1829 737 1888 magnaque
757 1829 827 1870 eum
846 1808 1012 1870 ambitione
1031 1808 1123 1890 Syra·
1237 1821 1238 1890 Τ

236 1909 321 1949 cusas
349 1887 500 1968 perduxit.
542 1889 644 1965 Quem
672 1889 754 1949 Dion
781 1891 857 1950 adeo
883 1890 1051 1950 admiratus
1076 1897 1123 1950 est

182 1971 222 2031 20
236 1978 328 2048 atque
353 1969 518 2043 adamavit,
540 1978 575 2030 ut
602 1990 633 2030 se
657 1968 684 2030 ei
708 1978 806 2030 totum
830 1970 971 2032 traderet
1012 1970 1123 2050 Neque
1182 1971 1187 1978 ’

235 2069 307 2111 vero
321 2049 421 2108 minus
434 2048 524 2109 Plato
538 2050 704 2110 delectatus
717 2059 762 2110 est
775 2049 883 2112 Dione
924 2049 1033 2130 Itaque
1050 2071 1122 2111 cum

235 2149 254 2190 a
281 2138 412 2208 tyranno
439 2129 601 2190 crudeliter
626 2130 759 2192 violatus
786 2139 875 2205 esset·
890 2131 1002 2212 quippe
1029 2152 1121 2211 quem

235 2209 415 2271 venumdari
438 2209 581 2288 jussisset,
604 2219 707 2270 tamen
734 2210 838 2271 eodem
866 2211 965 2286 rediit,
985 2212 1121 2292 ejusdem

235 2288 343 2350 Dionis
364 2289 502 2369 precibus
522 2291 680 2351 adductus.
722 2290 849 2352 Interim
865 2291 897 2351 in
914 2292 1054 2352 morbum
1076 2292 1122 2352 in-

180 2372 221 2433 25
234 2371 309 2430 cidit
319 2369 492 2449 Dionysius.
534 2370 683 2446 Quocum
691 2372 1122 2452 gravioonflictaretur‚quae-

234 2451 306 2512 sivit
334 2471 353 2511 a
378 2450 502 2510 medicis
529 2450 622 2525 Dion,
648 2453 904 2530 quemadmodum
926 2473 971 2513 se-
985 2453 1121 2527 haberet,

233 2529 385 2610 simulque
398 2529 437 2590 ab
450 2529 498 2590 his
512 2531 609 2610 petiit,
623 2531 649 2591 si
662 2532 740 2592 forte
758 2533 867 2613 majori
883 2542 958 2594 esset
974 2533 1121 2612 periculo,

234 2620 270 2671 ut
289 2611 347 2671 sibi
367 2611 551 2673 faterentur:
570 2631 644 2671 nam
658 2612 737 2672 velle
752 2633 783 2673 se
796 2633 866 2673 oum
880 2634 915 2674 eo
929 2615 1061 2694 colloqui
1082 2615 1123 2675 de

234 2690 392 2771 partiendo
420 2711 529 2770 regn03
557 2691 640 2771 quod
665 2693 774 2753 sororis
800 2714 874 2754 suae
899 2693 978 2755 filios
1001 2715 1041 2755 ex
1064 2694 1122 2756 illo

180 2773 220 2835 30
233 2780 320 2832 natos
333 2780 451 2851 partem
465 2771 550 2850 regni
564 2771 694 2851 putabat
714 2773 823 2837 debere
842 2773 962 2835 habere.
1003 2773 1042 2835 Id
1060 2795 1123 2836 me-

233 2851 295 2911 dici
311 2871 372 2911 non
389 2861 558 2925 tacuerunt,
573 2861 603 2912 et
625 2851 666 2912 ad
687 2852 871 2933 Dionysium
891 2854 990 2915 filium
1011 2876 1123 2917 sermo-

232 2952 303 2992 nem
317 2931 494 2992 retulerunt.
537 2933 607 3009 Quo
618 2932 672 2994 ille
682 2942 858 3008 commotus,
867 2955 907 2995 ne
920 2935 1031 3014 agendi
1045 2945 1124 2998 esset

233 3011 328 3072 Dioni
348 3019 487 3091 potestas,
502 3012 583 3091 patri
605 3033 743 3092 soporem
765 3014 897 3076 medicos
918 3014 992 3076 dare
1014 3017 1123 3095 eoigit

179 3173 219 3233 35
233 3091 305 3152 Hoe
321 3111 410 3170 aeger
428 3100 558 3170 sumpto,
572 3101 607 3152 ut
627 3113 732 3154 somno
751 3095 876 3174 sopitus,
890 3095 971 3156 diem
984 3095 1062 3157 obiit
1074 3117 1124 3157 su·

255 3191 380 3231 remum.

232 3192 335 3310 pIII.
358 3249 432 3310 Tale
448 3248 570 3310 initium
591 3251 651 3312 fuit
672 3250 781 3313 Dionis
802 3263 833 3314 et
856 3253 997 3334 Dionysii
1017 3256 1125 3319 simul·

233 3329 314 3402 tatis,
330 3349 424 3407 eaque
437 3330 542 3390 multis
556 3331 646 3391 rebus
660 3341 751 3392 aucta
764 3342 816 3393 est.
858 3334 917 3394 Sed
939 3345 1041 3396 tamen
1063 3339 1126 3418 pri·

233 3408 291 3468 mis
311 3408 497 3487 temporibus
517 3409 708 3488 aliquamdiu
727 3412 871 3473 simulata
887 3415 967 3475 inter
985 3437 1035 3477 eos
1048 3419 1127 3478 ami·

233 3487 308 3547 eitia
331 3488 451 3548 mansit
493 3487 572 3548 Cum
596 3489 680 3550 Dion
703 3511 765 3551 non
788 3492 943 3556 desisteret
965 3495 1127 3560 obsecrare
