2475 3792
446 259 729 307 rrn1cnnras
1043 237 1085 303 51

132 415 340 477 misericordia
361 415 433 475 odio
454 423 647 487 successerat,
660 423 697 474 ut
715 433 784 473 eum
803 431 857 472 suo
875 407 930 471 sari
973 409 1032 483 ine,

131 497 169 557 ab
181 496 372 566 Acheronte,
384 496 409 554 si
425 504 555 573 possent,
567 502 713 573 cuperent
727 492 882 552 redimere.
941 500 1033 569 taque

130 578 161 637 in
186 576 273 648 urbe,
296 574 498 634 celeberrimo
523 575 597 646 loco,
623 573 734 646 elatus,
745 570 875 651 publice,
900 569 1032 649 sepulcri

130 666 330 717 monumento
346 655 478 715 donatus
493 663 545 714 est.
588 653 680 713 Diem
702 651 778 713 obiit
798 651 918 712 circiter
937 670 1033 710 annos

128 737 359 817 quinquaginta
380 736 517 814 quinque
538 743 636 806 natus,
655 742 799 813 quartum
820 741 889 810 post
908 750 1032 804 anuum,
1066 729 1086 790 5

128 837 221 896 quam
236 837 277 876 ex
294 815 507 895 Peloponneso
521 814 553 873 in
567 813 705 874 Siciliam
720 812 859 872 redierat.

434 1059 734 1074 -——

331 1253 410 1326 XI.
446 1252 837 1359 IPHICRATES.

479 1417 694 1459 —oossoeov—

172 1539 199 1601 I.
221 1538 428 1600 Irmcanrss
441 1539 638 1601 Atheniensis
658 1561 720 1601 uon
738 1548 802 1601 tam
820 1539 1031 1619 magnitudine

133 1641 237 1681 rerum
259 1629 413 1699 gestarum
428 1641 521 1700 quam
535 1619 697 1700 disciplina
710 1621 838 1681 militari
852 1621 1030 1683 nobilitatus

133 1711 186 1762 est
229 1700 307 1760 Fuit
320 1701 402 1760 enim
416 1700 487 1762 talis
501 1701 574 1773 dux,
589 1710 624 1760 ut
638 1722 699 1761 non
712 1701 811 1762 solum
830 1702 937 1762 aetatis
957 1723 1030 1763 suae

134 1781 328 1860 cumprimis
346 1790 582 1860 compararetur,
596 1782 649 1842 sed
664 1802 702 1842 ne
716 1782 754 1842 de
768 1781 932 1862 majoribus
953 1795 1028 1843 natu
1044 1786 1082 1848 10

64 1881 70 1892 ·
135 1862 261 1941 quidem
282 1862 443 1941 quisquam
464 1870 704 1941 anteponeretur.
746 1863 882 1922 Multum
903 1883 975 1923 vero
997 1864 1029 1923 in

134 1941 217 2002 bello
238 1951 283 2003 est
303 1951 458 2014 versatus3
478 1963 566 2021 saepe
587 1942 769 2002 exercitibus
789 1941 938 2021 praefuit;
960 1964 1029 2004 nus

135 2043 230 2102 quam
253 2023 345 2102 culpa
367 2043 423 2082 sua
445 2022 525 2082 male
549 2043 612 2082 rem
637 2023 744 2100 gessit3
764 2043 882 2102 semper
902 2024 1027 2085 consilio

134 2103 220 2176 vicit,
241 2113 423 2181 tantumque
443 2123 478 2162 eo
498 2102 606 2175 valuit,
620 2112 656 2163 ut
676 2103 775 2178 multa
795 2103 827 2162 in
848 2123 881 2163 re
900 2103 1027 2164 militari

134 2184 250 2263 partim
264 2204 344 2245 nova
358 2182 505 2256 attulerit,
516 2183 629 2261 partim
640 2182 766 2243 meliora
779 2182 891 2244 fecerit
934 2183 1028 2245 Nam·
1042 2187 1081 2246 15

135 2285 196 2342 que
209 2263 262 2323 ille
276 2263 429 2342 pedestria
446 2283 533 2322 arma
546 2263 686 2335 mutavit,
702 2284 771 2323 cum
786 2273 856 2324 ante
870 2263 959 2323 illum
974 2265 1027 2325 im-

129 2344 305 2422 peratorem
326 2343 469 2403 maximis
490 2342 603 2422 clipeis,
618 2343 761 2404 brevibus
781 2343 884 2416 hastis,
901 2345 1026 2407 minutis

135 2423 247 2502 gladiis
261 2432 427 2484 uterentur.
469 2421 528 2483 Ille
538 2443 555 2483 c
566 2424 716 2484 contrario
728 2423 842 2504 peltam
875 2445 909 2484 ro
919 2446 1027 2505 parma

134 2503 208 2564 fecit
222 2502 256 2576 (a
270 2524 330 2583 quo
344 2512 448 2582 postea
461 2503 608 2582 peltastae
622 2504 737 2583 pedites
756 2445 977 2586 appelllintur),
992 2516 1026 2568 ut

135 2585 175 2644 ad
190 2592 289 2644 motus
304 2604 524 2662 concursusque
538 2594 635 2645 esseut
649 2585 784 2647 leviores.
826 2585 944 2647 Hastae
965 2609 1026 2648 mo
1040 2589 1080 2651 20

135 2665 209 2724 dum
220 2663 408 2742 duplicavit;
422 2664 540 2743 gladios
551 2665 701 2745 longiores
710 2665 791 2726 fecit
833 2665 920 2727 Idem
930 2689 1025 2746 genia

135 2744 301 2805 loricarum
318 2745 449 2805 mutavit
463 2754 494 2804 et
507 2767 562 2824 pro
578 2746 665 2806 sertis
686 2755 778 2825 atque
798 2749 897 2808 aeneis
917 2747 1026 2808 linteas

135 2825 227 2885 dedit
262 2824 334 2900 Quo
342 2824 423 2885 facto
434 2826 635 2904 expeditiores
646 2826 757 2886 milites
768 2828 907 2888 reddidit.
943 2827 1025 2888 Nam

134 2905 267 2984 pondere
281 2905 427 2977 detracto,
441 2905 522 2984 quod
543 2926 638 2984 aeque
658 2927 767 2984 corpus
787 2917 901 2988 tegeret
914 2917 945 2968 et
958 2907 1026 2969 leve

134 2995 217 3057 asset,
233 2984 362 3045 curavit.
1039 2988 1078 3048 25

175 3065 217 3124 II.
234 3065 359 3124 Bellum
374 3085 445 3124 oum
458 3063 626 3126 Thracibus
637 3065 744 3144 gessit3
759 3065 901 3140 Seuthen,
909 3067 1023 3127 socium

134 3144 378 3216 Atheniensium,
403 3144 436 3203 in
463 3166 589 3224 regnum
617 3145 757 3205 restituit.
798 3146 892 3225 Apud
920 3146 1024 3207 (lorin-

134 3226 221 3285 thum
246 3233 335 3285 tanta
359 3225 519 3287 severitate
542 3224 691 3284 exercitui
710 3226 852 3302 praefuit,
866 3235 901 3284 ut
920 3226 1024 3285 nullae

134 3325 281 3384 umquam
295 3305 329 3364 in
343 3303 475 3366 Graecia
495 3323 593 3381 neque
612 3303 836 3361 exercitatiores
854 3302 957 3375 copiae
976 3322 1025 3357 ne

135 3406 193 3464 que
213 3384 312 3464 magis
333 3385 415 3445 dicto
436 3384 593 3445 audientes
611 3380 732 3438 fuerint.
745 3378 833 3444 duci;
854 3378 886 3463 in
900 3394 1025 3448 eamque
1039 3374 1079 3428 30

135 3465 386 3526 cousuetudinem
406 3461 548 3531 adduxit,
566 3468 610 3529 ut,
629 3475 700 3515 cum
720 3453 828 3529 proelii
847 3466 967 3523 slgnum
986 3448 1026 3503 ab
