<?xml version="1.0" encoding="UTF-8"?>
<!DOCTYPE html PUBLIC "-//W3C//DTD XHTML 1.0 Transitional//EN"
    "http://www.w3.org/TR/xhtml1/DTD/xhtml1-transitional.dtd">
<html xmlns="http://www.w3.org/1999/xhtml" xml:lang="en" lang="en">
 <head>
  <title>
</title>
<meta http-equiv="Content-Type" content="text/html;charset=utf-8" />
  <meta name='ocr-system' content='tesseract 3.04.00' />
  <meta name='ocr-capabilities' content='ocr_page ocr_carea ocr_par ocr_line ocrx_word'/>
</head>
<body>
  <div class='ocr_page' id='page_1' title='image "./corneliinepotis27nepogoog_0091.png"; bbox 0 0 2475 3792; ppageno 0'>
   <div class='ocr_carea' id='block_1_1' title="bbox 161 267 875 334">
    <p class='ocr_par' dir='ltr' id='par_1_1' title="bbox 161 267 875 334">
     <span class='ocr_line' id='line_1_1' title="bbox 161 267 875 334; baseline -0.004 -1"><span class='ocrx_word' id='word_1_1' title='bbox 161 267 204 333; x_wconf 82' lang='grc'>86</span> <span class='ocrx_word' id='word_1_2' title='bbox 439 279 652 334; x_wconf 80' lang='lat' dir='ltr'>coenam</span> <span class='ocrx_word' id='word_1_3' title='bbox 682 279 875 330; x_wconf 81' lang='lat' dir='ltr'>rsrorrs.</span> 
     </span>
    </p>
   </div>
   <div class='ocr_carea' id='block_1_2' title="bbox 157 435 1100 3560">
    <p class='ocr_par' dir='ltr' id='par_1_2' title="bbox 157 435 1100 3560">
     <span class='ocr_line' id='line_1_2' title="bbox 213 435 1096 519; baseline -0.003 -17"><span class='ocrx_word' id='word_1_4' title='bbox 213 439 363 502; x_wconf 84' lang='lat' dir='ltr'>exercitus</span> <span class='ocrx_word' id='word_1_5' title='bbox 376 439 404 500; x_wconf 89' lang='lat' dir='ltr'>ei</span> <span class='ocrx_word' id='word_1_6' title='bbox 418 447 464 501; x_wconf 88' lang='lat' dir='ltr'>ter</span> <span class='ocrx_word' id='word_1_7' title='bbox 477 447 547 501; x_wconf 90' lang='lat' dir='ltr'>ante</span> <span class='ocrx_word' id='word_1_8' title='bbox 559 440 704 519; x_wconf 86' lang='lat' dir='ltr'>separatis</span> <span class='ocrx_word' id='word_1_9' title='bbox 718 438 902 518; x_wconf 73' lang='lat' dir='ltr'>temporibus</span> <span class='ocrx_word' id='word_1_10' title='bbox 916 435 1051 518; x_wconf 80' lang='lat' dir='ltr'>jurasset,</span> <span class='ocrx_word' id='word_1_11' title='bbox 1063 457 1096 499; x_wconf 89' lang='lat' dir='ltr'>se</span> 
     </span>
     <span class='ocr_line' id='line_1_3' title="bbox 214 519 1097 599; baseline -0.002 -18"><span class='ocrx_word' id='word_1_12' title='bbox 214 541 283 581; x_wconf 92' lang='lat' dir='ltr'>eum</span> <span class='ocrx_word' id='word_1_13' title='bbox 305 521 498 581; x_wconf 84' lang='lat' dir='ltr'>defensurum</span> <span class='ocrx_word' id='word_1_14' title='bbox 519 541 615 599; x_wconf 92' lang='lat' dir='ltr'>neque</span> <span class='ocrx_word' id='word_1_15' title='bbox 635 539 781 598; x_wconf 90' lang='lat' dir='ltr'>umquam</span> <span class='ocrx_word' id='word_1_16' title='bbox 802 519 999 578; x_wconf 78' lang='lat' dir='ltr'>deserturum.</span> <span class='ocrx_word' id='word_1_17' title='bbox 1038 519 1097 579; x_wconf 84' lang='lat' dir='ltr'>Sed</span> 
     </span>
     <span class='ocr_line' id='line_1_4' title="bbox 213 598 1097 685; baseline -0.003 -24"><span class='ocrx_word' id='word_1_18' title='bbox 213 611 300 662; x_wconf 86' lang='lat' dir='ltr'>tanta</span> <span class='ocrx_word' id='word_1_19' title='bbox 313 601 373 660; x_wconf 87' lang='lat' dir='ltr'>fuit</span> <span class='ocrx_word' id='word_1_20' title='bbox 392 600 607 661; x_wconf 90' lang='lat' dir='ltr'>nonnullorum</span> <span class='ocrx_word' id='word_1_21' title='bbox 621 599 744 660; x_wconf 79' lang='lat' dir='ltr'>virtutis</span> <span class='ocrx_word' id='word_1_22' title='bbox 763 598 951 685; x_wconf 70' lang='lat' dir='ltr'>obtrectatio,</span> <span class='ocrx_word' id='word_1_23' title='bbox 962 608 997 668; x_wconf 88' lang='lat' dir='ltr'>ut</span> <span class='ocrx_word' id='word_1_24' title='bbox 1009 598 1097 658; x_wconf 87' lang='lat' dir='ltr'>fidem</span> 
     </span>
     <span class='ocr_line' id='line_1_5' title="bbox 213 678 1098 758; baseline -0.002 -18"><span class='ocrx_word' id='word_1_25' title='bbox 213 681 352 741; x_wconf 89' lang='lat' dir='ltr'>amittere</span> <span class='ocrx_word' id='word_1_26' title='bbox 375 680 503 740; x_wconf 81' lang='lat' dir='ltr'>mallent</span> <span class='ocrx_word' id='word_1_27' title='bbox 526 700 617 758; x_wconf 84' lang='lat' dir='ltr'>quarn</span> <span class='ocrx_word' id='word_1_28' title='bbox 640 699 709 738; x_wconf 91' lang='lat' dir='ltr'>eum</span> <span class='ocrx_word' id='word_1_29' title='bbox 735 700 795 738; x_wconf 94' lang='lat' dir='ltr'>non</span> <span class='ocrx_word' id='word_1_30' title='bbox 820 678 955 756; x_wconf 85' lang='lat' dir='ltr'><strong>prodere.</strong></span> <span class='ocrx_word' id='word_1_31' title='bbox 996 678 1098 757; x_wconf 91' lang='lat' dir='ltr'>Atque</span> 
     </span>
     <span class='ocr_line' id='line_1_6' title="bbox 180 758 1099 840; baseline -0.005 -18"><span class='ocrx_word' id='word_1_32' title='bbox 180 759 295 822; x_wconf 76' lang='lat' dir='ltr'>hhunc</span> <span class='ocrx_word' id='word_1_33' title='bbox 309 759 490 840; x_wconf 81' lang='lat' dir='ltr'>Antigonus,</span> <span class='ocrx_word' id='word_1_34' title='bbox 505 759 615 819; x_wconf 88' lang='lat' dir='ltr'>cumei</span> <span class='ocrx_word' id='word_1_35' title='bbox 630 758 735 818; x_wconf 82' lang='lat' dir='ltr'>fuisset</span> <span class='ocrx_word' id='word_1_36' title='bbox 755 758 972 831; x_wconf 88' lang='lat' dir='ltr'>infestissimus,</span> <span class='ocrx_word' id='word_1_37' title='bbox 987 779 1099 818; x_wconf 90' lang='lat' dir='ltr'>conscr-</span> 
     </span>
     <span class='ocr_line' id='line_1_7' title="bbox 213 837 1099 920; baseline -0.003 -19"><span class='ocrx_word' id='word_1_38' title='bbox 213 849 320 914; x_wconf 87' lang='lat' dir='ltr'>vasset,</span> <span class='ocrx_word' id='word_1_39' title='bbox 331 840 356 900; x_wconf 92' lang='lat' dir='ltr'>si</span> <span class='ocrx_word' id='word_1_40' title='bbox 370 860 424 920; x_wconf 92' lang='lat' dir='ltr'>per</span> <span class='ocrx_word' id='word_1_41' title='bbox 437 858 505 899; x_wconf 87' lang='lat' dir='ltr'>suos</span> <span class='ocrx_word' id='word_1_42' title='bbox 518 848 593 898; x_wconf 90' lang='lat' dir='ltr'>esset</span> <span class='ocrx_word' id='word_1_43' title='bbox 606 839 735 911; x_wconf 88' lang='lat' dir='ltr'>licitum,</span> <span class='ocrx_word' id='word_1_44' title='bbox 766 837 826 897; x_wconf 92' lang='lat' dir='ltr'>uod</span> <span class='ocrx_word' id='word_1_45' title='bbox 840 837 879 897; x_wconf 89' lang='lat' dir='ltr'>ab</span> <span class='ocrx_word' id='word_1_46' title='bbox 893 838 980 898; x_wconf 91' lang='lat' dir='ltr'>nullo</span> <span class='ocrx_word' id='word_1_47' title='bbox 990 859 1021 898; x_wconf 90' lang='lat' dir='ltr'>se</span> <span class='ocrx_word' id='word_1_48' title='bbox 1031 839 1099 917; x_wconf 88' lang='lat' dir='ltr'>plus</span> 
     </span>
     <span class='ocr_line' id='line_1_8' title="bbox 212 860 1099 1000; baseline -0.005 -20"><span class='ocrx_word' id='word_1_49' title='bbox 212 920 352 1000; x_wconf 83' lang='lat' dir='ltr'>adjuvari</span> <span class='ocrx_word' id='word_1_50' title='bbox 377 938 461 999; x_wconf 88' lang='lat' dir='ltr'>posse</span> <span class='ocrx_word' id='word_1_51' title='bbox 484 918 674 996; x_wconf 80' lang='lat' dir='ltr'>intelligebat</span> <span class='ocrx_word' id='word_1_52' title='bbox 699 918 730 976; x_wconf 91' lang='lat' dir='ltr'>in</span> <span class='ocrx_word' id='word_1_53' title='bbox 745 860 802 977; x_wconf 65' lang='lat' dir='ltr'>liis</span> <span class='ocrx_word' id='word_1_54' title='bbox 825 917 923 989; x_wconf 73' lang='lat' dir='ltr'>rebus</span> <span class='ocrx_word' id='word_1_55' title='bbox 947 939 1023 996; x_wconf 84' lang='lat' dir='ltr'>quas</span> <span class='ocrx_word' id='word_1_56' title='bbox 1045 919 1099 976; x_wconf 90' lang='lat' dir='ltr'>im-</span> 
     </span>
     <span class='ocr_line' id='line_1_9' title="bbox 234 996 1098 1080; baseline -0.003 -20"><span class='ocrx_word' id='word_1_57' title='bbox 234 1001 342 1060; x_wconf 89' lang='lat' dir='ltr'>endere</span> <span class='ocrx_word' id='word_1_58' title='bbox 351 1001 416 1080; x_wconf 86' lang='lat' dir='ltr'>jam</span> <span class='ocrx_word' id='word_1_59' title='bbox 431 998 597 1078; x_wconf 79' lang='lat' dir='ltr'>apparebat</span> <span class='ocrx_word' id='word_1_60' title='bbox 611 997 758 1058; x_wconf 90' lang='lat' dir='ltr'>omnibus.</span> <span class='ocrx_word' id='word_1_61' title='bbox 800 996 1006 1057; x_wconf 89' lang='lat' dir='ltr'>Imminebant</span> <span class='ocrx_word' id='word_1_62' title='bbox 1019 999 1098 1058; x_wconf 91' lang='lat' dir='ltr'>enim</span> 
     </span>
     <span class='ocr_line' id='line_1_10' title="bbox 212 1020 1099 1159; baseline -0.002 -19"><span class='ocrx_word' id='word_1_63' title='bbox 212 1020 362 1152; x_wconf 70' lang='lat' dir='ltr'>Eelencus,</span> <span class='ocrx_word' id='word_1_64' title='bbox 383 1079 592 1159; x_wconf 87' lang='lat' dir='ltr'>Lysimachus,</span> <span class='ocrx_word' id='word_1_65' title='bbox 615 1077 814 1150; x_wconf 86' lang='lat' dir='ltr'>Ptolemaeus,</span> <span class='ocrx_word' id='word_1_66' title='bbox 837 1077 944 1156; x_wconf 91' lang='lat' dir='ltr'>opibus</span> <span class='ocrx_word' id='word_1_67' title='bbox 960 1079 1027 1157; x_wconf 87' lang='lat' dir='ltr'>jam</span> <span class='ocrx_word' id='word_1_68' title='bbox 1048 1099 1099 1138; x_wconf 87' lang='lat' dir='ltr'>va·</span> 
     </span>
     <span class='ocr_line' id='line_1_11' title="bbox 160 1158 1100 1238; baseline -0.005 -17"><span class='ocrx_word' id='word_1_69' title='bbox 160 1161 198 1222; x_wconf 93' lang='lat'>10</span> <span class='ocrx_word' id='word_1_70' title='bbox 212 1160 315 1233; x_wconf 87' lang='lat' dir='ltr'>lentes,</span> <span class='ocrx_word' id='word_1_71' title='bbox 336 1179 405 1220; x_wconf 90' lang='lat' dir='ltr'>cum</span> <span class='ocrx_word' id='word_1_72' title='bbox 430 1158 539 1238; x_wconf 91' lang='lat' dir='ltr'>quibus</span> <span class='ocrx_word' id='word_1_73' title='bbox 563 1159 591 1218; x_wconf 92' lang='lat' dir='ltr'>ei</span> <span class='ocrx_word' id='word_1_74' title='bbox 614 1158 652 1217; x_wconf 93' lang='lat' dir='ltr'>de</span> <span class='ocrx_word' id='word_1_75' title='bbox 672 1158 796 1217; x_wconf 86' lang='lat' dir='ltr'>summis</span> <span class='ocrx_word' id='word_1_76' title='bbox 819 1158 906 1216; x_wconf 90' lang='lat' dir='ltr'>rebus</span> <span class='ocrx_word' id='word_1_77' title='bbox 928 1167 995 1218; x_wconf 88' lang='lat' dir='ltr'>erat</span> <span class='ocrx_word' id='word_1_78' title='bbox 1014 1158 1100 1217; x_wconf 92' lang='lat' dir='ltr'>dimi-</span> 
     </span>
     <span class='ocr_line' id='line_1_12' title="bbox 212 1238 1100 1318; baseline -0.002 -18"><span class='ocrx_word' id='word_1_79' title='bbox 212 1240 351 1300; x_wconf 91' lang='lat' dir='ltr'>candum.</span> <span class='ocrx_word' id='word_1_80' title='bbox 392 1239 451 1300; x_wconf 81' lang='lat' dir='ltr'>sed</span> <span class='ocrx_word' id='word_1_81' title='bbox 475 1258 535 1299; x_wconf 95' lang='lat' dir='ltr'>non</span> <span class='ocrx_word' id='word_1_82' title='bbox 560 1238 640 1318; x_wconf 87' lang='lat' dir='ltr'>passi</span> <span class='ocrx_word' id='word_1_83' title='bbox 663 1247 734 1297; x_wconf 89' lang='lat' dir='ltr'>sunt</span> <span class='ocrx_word' id='word_1_84' title='bbox 757 1238 798 1310; x_wconf 92' lang='lat' dir='ltr'>hi,</span> <span class='ocrx_word' id='word_1_85' title='bbox 819 1238 869 1316; x_wconf 90' lang='lat' dir='ltr'>qui</span> <span class='ocrx_word' id='word_1_86' title='bbox 895 1238 976 1298; x_wconf 88' lang='lat' dir='ltr'>circa</span> <span class='ocrx_word' id='word_1_87' title='bbox 993 1247 1100 1311; x_wconf 87' lang='lat' dir='ltr'>erant;</span> 
     </span>
     <span class='ocr_line' id='line_1_13' title="bbox 212 1318 1100 1399; baseline 0 -21"><span class='ocrx_word' id='word_1_88' title='bbox 212 1319 293 1399; x_wconf 94' lang='lat' dir='ltr'>quod</span> <span class='ocrx_word' id='word_1_89' title='bbox 316 1318 469 1392; x_wconf 89' lang='lat' dir='ltr'>videbant,</span> <span class='ocrx_word' id='word_1_90' title='bbox 498 1318 635 1378; x_wconf 86' lang='lat' dir='ltr'>Eumene</span> <span class='ocrx_word' id='word_1_91' title='bbox 662 1326 789 1397; x_wconf 89' lang='lat' dir='ltr'>recepto,</span> <span class='ocrx_word' id='word_1_92' title='bbox 816 1337 918 1377; x_wconf 78' lang='lat' dir='ltr'>ornnes</span> <span class='ocrx_word' id='word_1_93' title='bbox 944 1339 1019 1397; x_wconf 90' lang='lat' dir='ltr'>prae</span> <span class='ocrx_word' id='word_1_94' title='bbox 1046 1319 1100 1378; x_wconf 93' lang='lat' dir='ltr'>illc</span> 
     </span>
     <span class='ocr_line' id='line_1_14' title="bbox 211 1397 1100 1481; baseline -0.003 -21"><span class='ocrx_word' id='word_1_95' title='bbox 211 1399 300 1481; x_wconf 91' lang='lat' dir='ltr'>parvi</span> <span class='ocrx_word' id='word_1_96' title='bbox 314 1400 439 1460; x_wconf 87' lang='lat' dir='ltr'>futuros.</span> <span class='ocrx_word' id='word_1_97' title='bbox 481 1400 550 1478; x_wconf 89' lang='lat' dir='ltr'>Ipse</span> <span class='ocrx_word' id='word_1_98' title='bbox 572 1408 674 1458; x_wconf 87' lang='lat' dir='ltr'>autern</span> <span class='ocrx_word' id='word_1_99' title='bbox 687 1397 861 1476; x_wconf 90' lang='lat' dir='ltr'>Antigonus</span> <span class='ocrx_word' id='word_1_100' title='bbox 880 1397 955 1458; x_wconf 89' lang='lat' dir='ltr'>adeo</span> <span class='ocrx_word' id='word_1_101' title='bbox 978 1407 1044 1458; x_wconf 90' lang='lat' dir='ltr'>erat</span> <span class='ocrx_word' id='word_1_102' title='bbox 1057 1399 1100 1457; x_wconf 90' lang='lat' dir='ltr'>in-</span> 
     </span>
     <span class='ocr_line' id='line_1_15' title="bbox 211 1478 1100 1558; baseline -0.002 -18"><span class='ocrx_word' id='word_1_103' title='bbox 211 1500 324 1553; x_wconf 90' lang='lat' dir='ltr'>census,</span> <span class='ocrx_word' id='word_1_104' title='bbox 338 1489 373 1540; x_wconf 93' lang='lat' dir='ltr'>ut</span> <span class='ocrx_word' id='word_1_105' title='bbox 391 1479 449 1539; x_wconf 90' lang='lat' dir='ltr'>nisi</span> <span class='ocrx_word' id='word_1_106' title='bbox 471 1499 582 1558; x_wconf 90' lang='lat' dir='ltr'>magna</span> <span class='ocrx_word' id='word_1_107' title='bbox 603 1498 656 1558; x_wconf 89' lang='lat' dir='ltr'>spe</span> <span class='ocrx_word' id='word_1_108' title='bbox 675 1478 879 1537; x_wconf 84' lang='lat' dir='ltr'>maximarum</span> <span class='ocrx_word' id='word_1_109' title='bbox 894 1498 997 1537; x_wconf 89' lang='lat' dir='ltr'>rerum</span> <span class='ocrx_word' id='word_1_110' title='bbox 1010 1478 1100 1538; x_wconf 91' lang='lat' dir='ltr'>leniri</span> 
     </span>
     <span class='ocr_line' id='line_1_16' title="bbox 157 1559 390 1640; baseline 0 -19"><span class='ocrx_word' id='word_1_111' title='bbox 157 1559 196 1622; x_wconf 87' lang='grc'>15</span> <span class='ocrx_word' id='word_1_112' title='bbox 210 1582 270 1622; x_wconf 94' lang='lat' dir='ltr'>non</span> <span class='ocrx_word' id='word_1_113' title='bbox 284 1567 390 1640; x_wconf 78' lang='lat' dir='ltr'>posset</span> 
     </span>
     <span class='ocr_line' id='line_1_17' title="bbox 252 1637 1099 1720; baseline 0 -20"><span class='ocrx_word' id='word_1_114' title='bbox 252 1641 312 1701; x_wconf 91' lang='lat' dir='ltr'>XI.</span> <span class='ocrx_word' id='word_1_115' title='bbox 342 1641 450 1720; x_wconf 86' lang='lat' dir='ltr'>Itaque</span> <span class='ocrx_word' id='word_1_116' title='bbox 474 1658 544 1700; x_wconf 91' lang='lat' dir='ltr'>cum</span> <span class='ocrx_word' id='word_1_117' title='bbox 569 1658 639 1700; x_wconf 89' lang='lat' dir='ltr'>eum</span> <span class='ocrx_word' id='word_1_118' title='bbox 663 1637 695 1698; x_wconf 91' lang='lat' dir='ltr'>in</span> <span class='ocrx_word' id='word_1_119' title='bbox 719 1637 885 1698; x_wconf 82' lang='lat' dir='ltr'>custodiam</span> <span class='ocrx_word' id='word_1_120' title='bbox 910 1637 1049 1712; x_wconf 84' lang='lat' dir='ltr'>dedisset,</span> <span class='ocrx_word' id='word_1_121' title='bbox 1068 1647 1099 1700; x_wconf 88' lang='lat' dir='ltr'>et</span> 
     </span>
     <span class='ocr_line' id='line_1_18' title="bbox 211 1717 1098 1801; baseline -0.002 -21"><span class='ocrx_word' id='word_1_122' title='bbox 211 1721 380 1801; x_wconf 86' lang='lat' dir='ltr'>praefectus</span> <span class='ocrx_word' id='word_1_123' title='bbox 400 1721 560 1780; x_wconf 88' lang='lat' dir='ltr'>custodum</span> <span class='ocrx_word' id='word_1_124' title='bbox 579 1719 750 1798; x_wconf 75' lang='lat' dir='ltr'>quaesisset,</span> <span class='ocrx_word' id='word_1_125' title='bbox 765 1717 1020 1797; x_wconf 90' lang='lat' dir='ltr'>quemadmodum</span> <span class='ocrx_word' id='word_1_126' title='bbox 1041 1739 1098 1778; x_wconf 92' lang='lat' dir='ltr'>ser-</span> 
     </span>
     <span class='ocr_line' id='line_1_19' title="bbox 210 1797 1098 1877; baseline -0.005 -14"><span class='ocrx_word' id='word_1_127' title='bbox 210 1801 278 1863; x_wconf 92' lang='lat' dir='ltr'>vari</span> <span class='ocrx_word' id='word_1_128' title='bbox 300 1801 402 1874; x_wconf 90' lang='lat' dir='ltr'>vellet,</span> <span class='ocrx_word' id='word_1_129' title='bbox 424 1799 496 1862; x_wconf 90' lang='lat' dir='ltr'>“Ut</span> <span class='ocrx_word' id='word_1_130' title='bbox 517 1797 726 1871; x_wconf 87' lang='lat' dir='ltr'>acerrimum,”</span> <span class='ocrx_word' id='word_1_131' title='bbox 749 1798 856 1877; x_wconf 93' lang='lat' dir='ltr'>inquit,</span> <span class='ocrx_word' id='word_1_132' title='bbox 879 1798 1024 1858; x_wconf 90' lang='lat' dir='ltr'>“leonem</span> <span class='ocrx_word' id='word_1_133' title='bbox 1045 1807 1098 1860; x_wconf 92' lang='lat' dir='ltr'>aut</span> 
     </span>
     <span class='ocr_line' id='line_1_20' title="bbox 210 1875 1098 1959; baseline -0.003 -17"><span class='ocrx_word' id='word_1_134' title='bbox 210 1880 427 1954; x_wconf 82' lang='lat' dir='ltr'>ferocissimum</span> <span class='ocrx_word' id='word_1_135' title='bbox 451 1879 675 1959; x_wconf 87' lang='lat' dir='ltr'>elephantum.’&#39;</span> <span class='ocrx_word' id='word_1_136' title='bbox 716 1875 861 1938; x_wconf 87' lang='lat' dir='ltr'>Nondum</span> <span class='ocrx_word' id='word_1_137' title='bbox 885 1878 966 1938; x_wconf 90' lang='lat' dir='ltr'>enim</span> <span class='ocrx_word' id='word_1_138' title='bbox 988 1888 1098 1939; x_wconf 89' lang='lat' dir='ltr'>statue-</span> 
     </span>
     <span class='ocr_line' id='line_1_21' title="bbox 158 1958 1097 2034; baseline -0.005 -10"><span class='ocrx_word' id='word_1_139' title='bbox 158 1962 198 2024; x_wconf 85' lang='lat'>20</span> <span class='ocrx_word' id='word_1_140' title='bbox 211 1969 268 2034; x_wconf 89' lang='lat' dir='ltr'>rat,</span> <span class='ocrx_word' id='word_1_141' title='bbox 292 1969 482 2022; x_wconf 84' lang='lat' dir='ltr'>conservaret</span> <span class='ocrx_word' id='word_1_142' title='bbox 509 1980 578 2019; x_wconf 91' lang='lat' dir='ltr'>eum</span> <span class='ocrx_word' id='word_1_143' title='bbox 605 1979 707 2019; x_wconf 92' lang='lat' dir='ltr'>necne.</span> <span class='ocrx_word' id='word_1_144' title='bbox 749 1958 901 2019; x_wconf 88' lang='lat' dir='ltr'>Veniebat</span> <span class='ocrx_word' id='word_1_145' title='bbox 928 1967 1030 2018; x_wconf 83' lang='lat' dir='ltr'>autern</span> <span class='ocrx_word' id='word_1_146' title='bbox 1058 1959 1097 2019; x_wconf 82' lang='lat' dir='ltr'>ed</span> 
     </span>
     <span class='ocr_line' id='line_1_22' title="bbox 212 2038 1097 2120; baseline -0.001 -19"><span class='ocrx_word' id='word_1_147' title='bbox 212 2041 380 2102; x_wconf 90' lang='lat' dir='ltr'>Eumenem</span> <span class='ocrx_word' id='word_1_148' title='bbox 395 2049 557 2118; x_wconf 90' lang='lat' dir='ltr'>utrumque</span> <span class='ocrx_word' id='word_1_149' title='bbox 569 2059 665 2118; x_wconf 90' lang='lat' dir='ltr'>genus</span> <span class='ocrx_word' id='word_1_150' title='bbox 684 2038 850 2111; x_wconf 86' lang='lat' dir='ltr'>hominurn,</span> <span class='ocrx_word' id='word_1_151' title='bbox 863 2047 894 2098; x_wconf 90' lang='lat' dir='ltr'>et</span> <span class='ocrx_word' id='word_1_152' title='bbox 907 2039 959 2118; x_wconf 94' lang='lat' dir='ltr'>qui</span> <span class='ocrx_word' id='word_1_153' title='bbox 973 2048 1097 2120; x_wconf 89' lang='lat' dir='ltr'>propter</span> 
     </span>
     <span class='ocr_line' id='line_1_23' title="bbox 211 2118 1096 2199; baseline -0.001 -18"><span class='ocrx_word' id='word_1_154' title='bbox 211 2121 315 2181; x_wconf 92' lang='lat' dir='ltr'>odium</span> <span class='ocrx_word' id='word_1_155' title='bbox 330 2121 463 2181; x_wconf 87' lang='lat' dir='ltr'>fructum</span> <span class='ocrx_word' id='word_1_156' title='bbox 476 2120 573 2180; x_wconf 87' lang='lat' dir='ltr'>oculis</span> <span class='ocrx_word' id='word_1_157' title='bbox 587 2140 626 2179; x_wconf 83' lang='lat' dir='ltr'>ex</span> <span class='ocrx_word' id='word_1_158' title='bbox 641 2120 704 2199; x_wconf 89' lang='lat' dir='ltr'>ejus</span> <span class='ocrx_word' id='word_1_159' title='bbox 718 2139 788 2178; x_wconf 87' lang='lat' dir='ltr'>casu</span> <span class='ocrx_word' id='word_1_160' title='bbox 809 2134 915 2196; x_wconf 72' lang='lat' dir='ltr'>capere</span> <span class='ocrx_word' id='word_1_161' title='bbox 928 2118 1053 2192; x_wconf 87' lang='lat' dir='ltr'>vellent,</span> <span class='ocrx_word' id='word_1_162' title='bbox 1067 2128 1096 2180; x_wconf 90' lang='lat' dir='ltr'>et</span> 
     </span>
     <span class='ocr_line' id='line_1_24' title="bbox 211 2198 1096 2280; baseline 0 -20"><span class='ocrx_word' id='word_1_163' title='bbox 211 2199 264 2280; x_wconf 94' lang='lat' dir='ltr'>qui</span> <span class='ocrx_word' id='word_1_164' title='bbox 278 2210 401 2280; x_wconf 89' lang='lat' dir='ltr'>propter</span> <span class='ocrx_word' id='word_1_165' title='bbox 413 2209 545 2261; x_wconf 89' lang='lat' dir='ltr'>veterem</span> <span class='ocrx_word' id='word_1_166' title='bbox 566 2199 732 2260; x_wconf 85' lang='lat' dir='ltr'>amicitiam</span> <span class='ocrx_word' id='word_1_167' title='bbox 746 2198 877 2276; x_wconf 92' lang='lat' dir='ltr'>colloqui</span> <span class='ocrx_word' id='word_1_168' title='bbox 890 2198 1096 2278; x_wconf 90' lang='lat' dir='ltr'>consolarique</span> 
     </span>
     <span class='ocr_line' id='line_1_25' title="bbox 211 2279 1095 2359; baseline 0 -19"><span class='ocrx_word' id='word_1_169' title='bbox 211 2288 371 2359; x_wconf 83' lang='lat' dir='ltr'>cuperent;</span> <span class='ocrx_word' id='word_1_170' title='bbox 393 2279 482 2340; x_wconf 90' lang='lat' dir='ltr'>multi</span> <span class='ocrx_word' id='word_1_171' title='bbox 503 2279 604 2351; x_wconf 91' lang='lat' dir='ltr'>etiam,</span> <span class='ocrx_word' id='word_1_172' title='bbox 618 2279 672 2357; x_wconf 90' lang='lat' dir='ltr'>qui</span> <span class='ocrx_word' id='word_1_173' title='bbox 692 2280 755 2358; x_wconf 90' lang='lat' dir='ltr'>ejus</span> <span class='ocrx_word' id='word_1_174' title='bbox 775 2279 903 2337; x_wconf 83' lang='lat' dir='ltr'>formam</span> <span class='ocrx_word' id='word_1_175' title='bbox 921 2298 1095 2357; x_wconf 83' lang='lat' dir='ltr'>cognoscere</span> 
     </span>
     <span class='ocr_line' id='line_1_26' title="bbox 158 2357 1095 2438; baseline -0.001 -18"><span class='ocrx_word' id='word_1_176' title='bbox 158 2359 381 2433; x_wconf 73' lang='lat' dir='ltr'>asstruebant,</span> <span class='ocrx_word' id='word_1_177' title='bbox 395 2359 494 2438; x_wconf 88' lang='lat' dir='ltr'>qualis</span> <span class='ocrx_word' id='word_1_178' title='bbox 514 2367 597 2432; x_wconf 87' lang='lat' dir='ltr'>esset,</span> <span class='ocrx_word' id='word_1_179' title='bbox 612 2378 702 2437; x_wconf 91' lang='lat' dir='ltr'>quem</span> <span class='ocrx_word' id='word_1_180' title='bbox 723 2367 786 2417; x_wconf 91' lang='lat' dir='ltr'>tam</span> <span class='ocrx_word' id='word_1_181' title='bbox 802 2357 855 2416; x_wconf 90' lang='lat' dir='ltr'>din</span> <span class='ocrx_word' id='word_1_182' title='bbox 869 2368 992 2436; x_wconf 87' lang='lat' dir='ltr'>tamque</span> <span class='ocrx_word' id='word_1_183' title='bbox 1005 2359 1095 2420; x_wconf 90' lang='lat' dir='ltr'>valde</span> 
     </span>
     <span class='ocr_line' id='line_1_27' title="bbox 211 2438 1094 2520; baseline -0.001 -20"><span class='ocrx_word' id='word_1_184' title='bbox 211 2440 389 2512; x_wconf 89' lang='lat' dir='ltr'>timuissent,</span> <span class='ocrx_word' id='word_1_185' title='bbox 400 2441 446 2520; x_wconf 89' lang='lat' dir='ltr'>cuj</span> <span class='ocrx_word' id='word_1_186' title='bbox 451 2459 484 2499; x_wconf 89' lang='lat' dir='ltr'>us</span> <span class='ocrx_word' id='word_1_187' title='bbox 499 2439 530 2498; x_wconf 91' lang='lat' dir='ltr'>in</span> <span class='ocrx_word' id='word_1_188' title='bbox 544 2439 677 2518; x_wconf 89' lang='lat' dir='ltr'>pernicie</span> <span class='ocrx_word' id='word_1_189' title='bbox 690 2438 818 2517; x_wconf 87' lang='lat' dir='ltr'>positam</span> <span class='ocrx_word' id='word_1_190' title='bbox 828 2458 911 2515; x_wconf 91' lang='lat' dir='ltr'>spem</span> <span class='ocrx_word' id='word_1_191' title='bbox 922 2438 1094 2500; x_wconf 88' lang='lat' dir='ltr'>habuissent</span> 
     </span>
     <span class='ocr_line' id='line_1_28' title="bbox 210 2517 1093 2591; baseline -0.001 -11"><span class='ocrx_word' id='word_1_192' title='bbox 210 2520 363 2582; x_wconf 85' lang='lat' dir='ltr'>victoriae.</span> <span class='ocrx_word' id='word_1_193' title='bbox 411 2519 457 2579; x_wconf 90' lang='lat' dir='ltr'>At</span> <span class='ocrx_word' id='word_1_194' title='bbox 484 2518 644 2591; x_wconf 77' lang='lat' dir='ltr'>Eumenes,</span> <span class='ocrx_word' id='word_1_195' title='bbox 671 2538 740 2578; x_wconf 92' lang='lat' dir='ltr'>cum</span> <span class='ocrx_word' id='word_1_196' title='bbox 767 2517 880 2577; x_wconf 91' lang='lat' dir='ltr'>diutius</span> <span class='ocrx_word' id='word_1_197' title='bbox 906 2518 939 2576; x_wconf 94' lang='lat' dir='ltr'>in</span> <span class='ocrx_word' id='word_1_198' title='bbox 965 2518 1093 2580; x_wconf 82' lang='lat' dir='ltr'>vinculis</span> 
     </span>
     <span class='ocr_line' id='line_1_29' title="bbox 211 2598 1092 2678; baseline -0.002 -18"><span class='ocrx_word' id='word_1_199' title='bbox 211 2608 295 2672; x_wconf 88' lang='lat' dir='ltr'>esset,</span> <span class='ocrx_word' id='word_1_200' title='bbox 319 2600 363 2660; x_wconf 90' lang='lat' dir='ltr'>ait</span> <span class='ocrx_word' id='word_1_201' title='bbox 385 2598 587 2671; x_wconf 90' lang='lat' dir='ltr'>Onomarcho,</span> <span class='ocrx_word' id='word_1_202' title='bbox 609 2618 700 2676; x_wconf 90' lang='lat' dir='ltr'>penes</span> <span class='ocrx_word' id='word_1_203' title='bbox 723 2617 813 2677; x_wconf 89' lang='lat' dir='ltr'>quem</span> <span class='ocrx_word' id='word_1_204' title='bbox 836 2617 954 2657; x_wconf 88' lang='lat' dir='ltr'>summa</span> <span class='ocrx_word' id='word_1_205' title='bbox 976 2599 1092 2678; x_wconf 91' lang='lat' dir='ltr'>imperii</span> 
     </span>
     <span class='ocr_line' id='line_1_30' title="bbox 211 2678 1092 2757; baseline 0 -18"><span class='ocrx_word' id='word_1_206' title='bbox 211 2689 276 2740; x_wconf 90' lang='lat' dir='ltr'>erat</span> <span class='ocrx_word' id='word_1_207' title='bbox 289 2680 451 2752; x_wconf 88' lang='lat' dir='ltr'>custodiae,</span> <span class='ocrx_word' id='word_1_208' title='bbox 463 2698 495 2739; x_wconf 88' lang='lat' dir='ltr'>se</span> <span class='ocrx_word' id='word_1_209' title='bbox 507 2678 622 2750; x_wconf 89' lang='lat' dir='ltr'>mirari,</span> <span class='ocrx_word' id='word_1_210' title='bbox 636 2697 730 2756; x_wconf 87' lang='lat' dir='ltr'>quare</span> <span class='ocrx_word' id='word_1_211' title='bbox 744 2679 810 2757; x_wconf 89' lang='lat' dir='ltr'>jam</span> <span class='ocrx_word' id='word_1_212' title='bbox 823 2678 947 2738; x_wconf 91' lang='lat' dir='ltr'>tertium</span> <span class='ocrx_word' id='word_1_213' title='bbox 960 2679 1040 2738; x_wconf 92' lang='lat' dir='ltr'>diem</span> <span class='ocrx_word' id='word_1_214' title='bbox 1054 2680 1092 2739; x_wconf 89' lang='lat' dir='ltr'>sic</span> 
     </span>
     <span class='ocr_line' id='line_1_31' title="bbox 157 2758 1091 2838; baseline -0.004 -16"><span class='ocrx_word' id='word_1_215' title='bbox 157 2759 198 2822; x_wconf 83' lang='lat'>30</span> <span class='ocrx_word' id='word_1_216' title='bbox 211 2768 379 2820; x_wconf 88' lang='lat' dir='ltr'>teneretur:</span> <span class='ocrx_word' id='word_1_217' title='bbox 407 2779 467 2820; x_wconf 89' lang='lat' dir='ltr'>non</span> <span class='ocrx_word' id='word_1_218' title='bbox 491 2759 572 2818; x_wconf 92' lang='lat' dir='ltr'>enim</span> <span class='ocrx_word' id='word_1_219' title='bbox 592 2759 654 2818; x_wconf 82' lang='lat' dir='ltr'>&#39;hoc</span> <span class='ocrx_word' id='word_1_220' title='bbox 674 2758 834 2818; x_wconf 90' lang='lat' dir='ltr'>convenire</span> <span class='ocrx_word' id='word_1_221' title='bbox 854 2758 1003 2836; x_wconf 87' lang='lat' dir='ltr'>Antigoni</span> <span class='ocrx_word' id='word_1_222' title='bbox 1027 2779 1091 2838; x_wconf 90' lang='lat' dir='ltr'>pru-</span> 
     </span>
     <span class='ocr_line' id='line_1_32' title="bbox 211 2837 1091 2917; baseline 0.001 -19"><span class='ocrx_word' id='word_1_223' title='bbox 211 2839 385 2912; x_wconf 68' lang='lat' dir='ltr'>denticant</span> <span class='ocrx_word' id='word_1_224' title='bbox 398 2837 732 2910; x_wconf 78' lang='lat' dir='ltr'>sicdeutereturvicto3</span> <span class='ocrx_word' id='word_1_225' title='bbox 753 2838 827 2917; x_wconf 91' lang='lat' dir='ltr'>quin</span> <span class='ocrx_word' id='word_1_226' title='bbox 841 2838 1033 2898; x_wconf 84' lang='lat' dir='ltr'>aut&#39;interfici</span> <span class='ocrx_word' id='word_1_227' title='bbox 1043 2848 1091 2899; x_wconf 87' lang='lat' dir='ltr'>aut</span> 
     </span>
     <span class='ocr_line' id='line_1_33' title="bbox 211 2917 1090 2998; baseline 0 -19"><span class='ocrx_word' id='word_1_228' title='bbox 211 2920 334 2979; x_wconf 90' lang='lat' dir='ltr'>missum</span> <span class='ocrx_word' id='word_1_229' title='bbox 348 2920 413 2979; x_wconf 90' lang='lat' dir='ltr'>fieri</span> <span class='ocrx_word' id='word_1_230' title='bbox 427 2918 557 2998; x_wconf 89' lang='lat' dir='ltr'>juberet.</span> <span class='ocrx_word' id='word_1_231' title='bbox 598 2918 662 2978; x_wconf 93' lang='lat' dir='ltr'>Hic</span> <span class='ocrx_word' id='word_1_232' title='bbox 676 2938 746 2977; x_wconf 93' lang='lat' dir='ltr'>cum</span> <span class='ocrx_word' id='word_1_233' title='bbox 760 2918 887 2978; x_wconf 86' lang='lat' dir='ltr'>i&#39;erocius</span> <span class='ocrx_word' id='word_1_234' title='bbox 903 2917 1090 2979; x_wconf 90' lang='lat' dir='ltr'>Onomarcho</span> 
     </span>
     <span class='ocr_line' id='line_1_34' title="bbox 211 2998 1090 3079; baseline 0.002 -21"><span class='ocrx_word' id='word_1_235' title='bbox 211 2999 295 3079; x_wconf 93' lang='lat' dir='ltr'>loqui</span> <span class='ocrx_word' id='word_1_236' title='bbox 312 3000 474 3073; x_wconf 89' lang='lat' dir='ltr'>videretur,</span> <span class='ocrx_word' id='word_1_237' title='bbox 488 3003 505 3030; x_wconf 88' lang='lat'>“</span> <span class='ocrx_word' id='word_1_238' title='bbox 515 2999 600 3075; x_wconf 73' lang='lat' dir='ltr'>Quid</span> <span class='ocrx_word' id='word_1_239' title='bbox 622 2998 702 3059; x_wconf 83' lang='lat' dir='ltr'>tul”</span> <span class='ocrx_word' id='word_1_240' title='bbox 721 2998 829 3077; x_wconf 89' lang='lat' dir='ltr'>inquit,</span> <span class='ocrx_word' id='word_1_241' title='bbox 850 3002 867 3028; x_wconf 90' lang='lat'>“</span> <span class='ocrx_word' id='word_1_242' title='bbox 878 2998 979 3058; x_wconf 87' lang='lat' dir='ltr'>animo</span> <span class='ocrx_word' id='word_1_243' title='bbox 999 2999 1025 3058; x_wconf 92' lang='lat' dir='ltr'>si</span> <span class='ocrx_word' id='word_1_244' title='bbox 1039 3000 1090 3060; x_wconf 90' lang='lat' dir='ltr'>isto</span> 
     </span>
     <span class='ocr_line' id='line_1_35' title="bbox 211 3078 1090 3159; baseline 0 -21"><span class='ocrx_word' id='word_1_245' title='bbox 211 3100 285 3152; x_wconf 88' lang='lat' dir='ltr'>eras,</span> <span class='ocrx_word' id='word_1_246' title='bbox 299 3099 354 3138; x_wconf 94' lang='lat' dir='ltr'>cur</span> <span class='ocrx_word' id='word_1_247' title='bbox 372 3099 432 3140; x_wconf 89' lang='lat' dir='ltr'>non</span> <span class='ocrx_word' id='word_1_248' title='bbox 445 3079 478 3138; x_wconf 91' lang='lat' dir='ltr'>in</span> <span class='ocrx_word' id='word_1_249' title='bbox 491 3079 606 3159; x_wconf 90' lang='lat' dir='ltr'>proelio</span> <span class='ocrx_word' id='word_1_250' title='bbox 626 3078 760 3138; x_wconf 89' lang='lat' dir='ltr'>cecidisti</span> <span class='ocrx_word' id='word_1_251' title='bbox 820 3078 880 3158; x_wconf 86' lang='lat' dir='ltr'>tius</span> <span class='ocrx_word' id='word_1_252' title='bbox 893 3098 985 3156; x_wconf 85' lang='lat' dir='ltr'>quam</span> <span class='ocrx_word' id='word_1_253' title='bbox 998 3079 1032 3138; x_wconf 92' lang='lat' dir='ltr'>in</span> <span class='ocrx_word' id='word_1_254' title='bbox 1046 3100 1090 3159; x_wconf 86' lang='lat' dir='ltr'>po</span> 
     </span>
     <span class='ocr_line' id='line_1_36' title="bbox 158 3157 1089 3220; baseline 0 0"><span class='ocrx_word' id='word_1_255' title='bbox 158 3157 197 3220; x_wconf 81' lang='lat'>35</span> <span class='ocrx_word' id='word_1_256' title='bbox 211 3168 349 3219; x_wconf 89' lang='lat' dir='ltr'>testatem</span> <span class='ocrx_word' id='word_1_257' title='bbox 360 3158 475 3219; x_wconf 87' lang='lat' dir='ltr'>inimici</span> <span class='ocrx_word' id='word_1_258' title='bbox 483 3158 642 3220; x_wconf 81' lang='lat' dir='ltr'>venires?&#39;&#39;</span> <span class='ocrx_word' id='word_1_259' title='bbox 670 3158 755 3218; x_wconf 94' lang='lat' dir='ltr'>Huic</span> <span class='ocrx_word' id='word_1_260' title='bbox 796 3178 931 3218; x_wconf 76' lang='lat' dir='ltr'>amenas:</span> <span class='ocrx_word' id='word_1_261' title='bbox 942 3157 1089 3220; x_wconf 88' lang='lat' dir='ltr'>“Utinam</span> 
     </span>
     <span class='ocr_line' id='line_1_37' title="bbox 211 3238 1090 3320; baseline 0.003 -23"><span class='ocrx_word' id='word_1_262' title='bbox 211 3239 333 3317; x_wconf 91' lang='lat' dir='ltr'>quidem</span> <span class='ocrx_word' id='word_1_263' title='bbox 357 3239 438 3299; x_wconf 90' lang='lat' dir='ltr'>istud</span> <span class='ocrx_word' id='word_1_264' title='bbox 461 3239 624 3300; x_wconf 86' lang='lat' dir='ltr'>evenisset!</span> <span class='ocrx_word' id='word_1_265' title='bbox 651 3238 704 3298; x_wconf 91' lang='lat' dir='ltr'>sed</span> <span class='ocrx_word' id='word_1_266' title='bbox 728 3259 762 3298; x_wconf 92' lang='lat' dir='ltr'>eo</span> <span class='ocrx_word' id='word_1_267' title='bbox 786 3259 847 3298; x_wconf 92' lang='lat' dir='ltr'>non</span> <span class='ocrx_word' id='word_1_268' title='bbox 871 3239 991 3313; x_wconf 86' lang='lat' dir='ltr'>accidit,</span> <span class='ocrx_word' id='word_1_269' title='bbox 1015 3241 1090 3320; x_wconf 90' lang='lat' dir='ltr'>quod</span> 
     </span>
     <span class='ocr_line' id='line_1_38' title="bbox 210 3319 1090 3396; baseline 0.005 -20"><span class='ocrx_word' id='word_1_270' title='bbox 210 3338 377 3396; x_wconf 88' lang='lat' dir='ltr'>numquam</span> <span class='ocrx_word' id='word_1_271' title='bbox 391 3339 460 3378; x_wconf 89' lang='lat' dir='ltr'>cum</span> <span class='ocrx_word' id='word_1_272' title='bbox 474 3319 597 3379; x_wconf 82' lang='lat' dir='ltr'>fortiore</span> <span class='ocrx_word' id='word_1_273' title='bbox 617 3339 684 3377; x_wconf 88' lang='lat' dir='ltr'>sum</span> <span class='ocrx_word' id='word_1_274' title='bbox 705 3339 887 3396; x_wconf 89' lang='lat' dir='ltr'>congressus.</span> <span class='ocrx_word' id='word_1_275' title='bbox 928 3319 999 3380; x_wconf 89' lang='lat' dir='ltr'>Non</span> <span class='ocrx_word' id='word_1_276' title='bbox 1015 3322 1090 3380; x_wconf 90' lang='lat' dir='ltr'>enim</span> 
     </span>
     <span class='ocr_line' id='line_1_39' title="bbox 210 3399 1090 3477; baseline 0.005 -20"><span class='ocrx_word' id='word_1_277' title='bbox 210 3417 280 3457; x_wconf 89' lang='lat' dir='ltr'>curn</span> <span class='ocrx_word' id='word_1_278' title='bbox 291 3417 442 3476; x_wconf 89' lang='lat' dir='ltr'>quoquam</span> <span class='ocrx_word' id='word_1_279' title='bbox 457 3417 542 3457; x_wconf 91' lang='lat' dir='ltr'>arma</span> <span class='ocrx_word' id='word_1_280' title='bbox 556 3399 680 3470; x_wconf 90' lang='lat' dir='ltr'>contuli,</span> <span class='ocrx_word' id='word_1_281' title='bbox 691 3399 765 3477; x_wconf 91' lang='lat' dir='ltr'>quin</span> <span class='ocrx_word' id='word_1_282' title='bbox 775 3399 801 3457; x_wconf 87' lang='lat' dir='ltr'>is</span> <span class='ocrx_word' id='word_1_283' title='bbox 811 3400 887 3458; x_wconf 90' lang='lat' dir='ltr'>mihi</span> <span class='ocrx_word' id='word_1_284' title='bbox 896 3400 1090 3462; x_wconf 90' lang='lat' dir='ltr'>succubuerit</span> 
     </span>
     <span class='ocr_line' id='line_1_40' title="bbox 210 3476 1091 3560; baseline 0.006 -22"><span class='ocrx_word' id='word_1_285' title='bbox 210 3476 282 3538; x_wconf 87' lang='lat' dir='ltr'>Non</span> <span class='ocrx_word' id='word_1_286' title='bbox 305 3478 386 3536; x_wconf 90' lang='lat' dir='ltr'>enim</span> <span class='ocrx_word' id='word_1_287' title='bbox 405 3479 517 3539; x_wconf 90' lang='lat' dir='ltr'>virtute</span> <span class='ocrx_word' id='word_1_288' title='bbox 538 3477 681 3552; x_wconf 91' lang='lat' dir='ltr'>hostium,</span> <span class='ocrx_word' id='word_1_289' title='bbox 703 3478 757 3538; x_wconf 89' lang='lat' dir='ltr'>sed</span> <span class='ocrx_word' id='word_1_290' title='bbox 779 3479 947 3540; x_wconf 88' lang='lat' dir='ltr'>amicorum</span> <span class='ocrx_word' id='word_1_291' title='bbox 970 3482 1091 3560; x_wconf 87' lang='lat' dir='ltr'>perfidia</span> 
     </span>
    </p>
   </div>
   <div class='ocr_carea' id='block_1_3' title="bbox 0 0 1242 3792">
    <p class='ocr_par' dir='ltr' id='par_1_3' title="bbox 0 0 1242 3792">
     <span class='ocr_line' id='line_1_41' title="bbox 0 0 1242 3792; baseline 0 2"><span class='ocrx_word' id='word_1_292' title='bbox 0 0 1242 3792; x_wconf 95' lang='lat' dir='ltr'> </span> 
     </span>
    </p>
   </div>
  </div>
 </body>
</html>
