2475 3792
180 263 223 327 68
460 276 673 325 coannnrr
703 276 896 326 aarorrs.

232 453 287 514 ego
301 441 407 495 contra
416 454 452 494 ea
461 453 524 494 una
533 432 609 494 urbe
618 442 721 494 nostra
732 432 839 513 dieque
848 455 910 494 uno
920 443 1017 496 totam
1024 434 1123 498 Grae-

232 515 320 587 ciam,
334 514 581 574 lacedaemoniis
593 513 715 592 fugatis,
729 513 885 574 liberavi.'’

272 594 329 656 VI.
352 593 439 654 Idem
459 614 528 654 cum
548 593 582 653 in
602 603 783 655 conventum
803 595 933 656 venisset
948 594 1120 670 Arcadum,

230 682 344 754 petens,
359 682 394 735 ut
412 673 583 734 societatem
604 694 674 733 eum
693 673 844 734 Thebanis
857 681 888 734 et
900 673 1027 753 Argivis
1041 676 1122 737 face-

197 753 306 828 5rent,
328 763 491 846 contraque
514 752 715 825 Callistratus,
736 753 968 813 Atheniensium
990 755 1120 834 legatam,

230 835 283 914 qui
305 834 477 913 eloquentis
496 853 598 894 omnes
618 853 654 893 eo
673 832 847 912 praestabat
859 843 1002 912 tempore,
1016 845 1121 914 postu·

230 914 317 988 laret,
331 923 366 974 ut
380 913 480 993 potius
499 913 666 973 amicitiam
680 921 875 992 sequerentur
887 913 1072 988 Atticorum,
1088 924 1120 976 et

230 994 262 1052 in
283 994 417 1054 oratione
437 1013 492 1054 sua
511 993 610 1053 multa
628 993 765 1054 invectus
778 1002 854 1053 esset
866 993 898 1052 in
913 993 1072 1055 Thebanos
1088 1005 1120 1056 et

230 1072 371 1154 Argivos,
386 1074 419 1133 in
438 1074 539 1153 eisque
560 1073 617 1134 hoc
637 1073 791 1151 posuisset,
806 1073 1047 1135 animadvertere
1067 1076 1119 1136 de-

177 1153 215 1215 10
230 1152 300 1215 bere
319 1153 466 1226 Arcadas,
487 1153 591 1232 quales
614 1162 743 1232 utraque
765 1153 872 1215 civitas
895 1153 975 1215 cives
1021 1175 1119 1215 rocre

229 1243 316 1309 asset,
331 1255 370 1295 ex
384 1234 493 1313 quibus
506 1233 545 1294 de
558 1233 664 1294 ceteris
677 1241 797 1312 possent
806 1233 962 1314 judicare:
1029 1235 1118 1313 givos

228 1315 310 1374 enim
336 1314 428 1375 fuisse
454 1313 591 1375 Orestem
619 1322 650 1373 et
676 1312 893 1374 Alcmaeonem
920 1315 1097 1375 matricidae
1109 1337 1117 1388 ;

228 1394 340 1456 Thebis
353 1394 505 1473 Oedipum
518 1403 635 1466 natum,
645 1393 707 1473 qui,
718 1414 788 1454 cum
798 1403 915 1473 patrem
925 1414 1015 1455 suum
1025 1395 1118 1455 inter-

229 1474 354 1548 fecisset,
368 1496 408 1535 ex
422 1483 519 1535 matre
531 1474 642 1534 liberos
656 1493 842 1552 procreasse3
864 1473 935 1534 huic
948 1474 982 1534 in
995 1495 1117 1553 respon·

175 1551 215 1616 15
228 1554 327 1616 dendo
341 1553 577 1634 Epaminondas,
591 1573 661 1614 cum
676 1554 713 1614 de
726 1554 831 1614 ceteris
847 1564 1022 1633 perorasset,
1034 1565 1117 1634 post-

249 1655 321 1694 uam
344 1635 384 1695 ad
404 1635 460 1695 illa
479 1635 540 1695 duo
564 1633 727 1713 opprobria
747 1635 892 1713 pervenit,
913 1633 1058 1694 admirari
1082 1655 1116 1696 se

228 1655 308 1776 dixit
327 1715 489 1776 stultitiam
509 1714 637 1775 rhetoris
650 1713 757 1787 Attici,
771 1714 823 1793 qui
843 1735 905 1774 non
924 1715 1116 1776 animadver-

226 1795 308 1872 terit,
328 1796 500 1856 innocentes
526 1794 596 1855 illos
623 1804 710 1854 natos
731 1794 822 1868 domi,
842 1795 953 1856 scelere
972 1795 1115 1871 admisso,

227 1897 298 1936 cum
317 1877 419 1956 patria
439 1883 535 1936 essent
555 1874 685 1954 expulsi,
698 1884 832 1954 receptos
852 1895 914 1935 esse
931 1875 971 1936 ab
985 1875 1116 1936 Atheni-

172 1953 213 2017 2⁰
227 1956 356 2018 ensibus.
395 1955 455 2017 Sed
468 1956 601 2015 maxime
615 1956 679 2034 ejus
692 1955 864 2033 eloquentia
876 1955 975 2016 eluxit
984 1956 1116 2036 Spartae

227 2037 320 2116 legati
333 2044 404 2097 ante
417 2057 552 2115 pugnam
566 2034 767 2095 Leuctricam.
809 2034 878 2111 Quo
893 2055 962 2095 cum
975 2038 1114 2098 omnium

226 2118 375 2177 sociorum
395 2116 604 2177 convenissent
623 2114 725 2194 legati,
748 2135 848 2174 coram
869 2115 1113 2195 frequentissimo

225 2196 412 2276 legationum
426 2204 577 2258 conventu
590 2194 634 2255 sic
647 2195 956 2256 Lacedaemoniorum
975 2200 1114 2276 tyranni-

225 2276 295 2338 dem
309 2277 454 2356 coarguit,
467 2285 503 2336 ut
516 2296 578 2335 non
592 2275 693 2335 minus
706 2275 762 2334 illa
776 2276 910 2336 oratione
922 2295 993 2355 opes
1007 2298 1113 2338 eorum

171 2355 212 2418 25
226 2359 414 2429 concusserit,
426 2377 517 2436 quam
531 2354 692 2416 Leuctrica
705 2376 817 2434 pugna.
859 2352 938 2415 Tum
952 2358 1033 2416 enim
1046 2379 1113 2437 per-

225 2437 305 2511 fecit,
325 2437 407 2517 quod
424 2446 493 2529 post
513 2435 666 2514 apparuit,
687 2444 723 2496 ut
741 2435 858 2496 auxilio
878 2435 1113 2498 Lacedaemonii
1216 2439 1222 2448 '

223 2518 371 2579 sociorum
385 2525 586 2596 privarentur.

266 2597 341 2659 Vll.
362 2597 468 2657 Fuisse
481 2596 647 2676 patientem
667 2617 850 2676 suorumque
868 2596 996 2676 injurias
1015 2598 1113 2659 feren-

224 2685 287 2738 tem
300 2677 422 2750 civium,
435 2676 517 2756 quod
530 2696 561 2735 se
575 2676 693 2756 patriae
702 2676 791 2736 irasci
805 2677 889 2736 nefas
902 2697 964 2738 esse
977 2679 1111 2754 duceret,

170 2758 211 2820 30
223 2759 298 2818 haec
318 2766 389 2817 sunt
408 2756 587 2817 testimonia.
629 2756 708 2816 Cum
728 2777 798 2816 eum
818 2766 941 2836 propter
960 2758 1111 2821 invidiam

225 2839 305 2899 cives
331 2836 492 2916 praeficere
515 2835 662 2896 exercitui
686 2836 861 2910 noluissent,
884 2837 1008 2918 duxque
1034 2850 1112 2901 esset

224 2918 356 2978 delectus
369 2916 443 2976 belli
456 2916 623 2994 imperitus,
634 2917 719 2995 cujus
730 2937 829 2976 errore
843 2937 877 2976 eo
891 2927 967 2978 esset
978 2919 1111 2980 deducta

224 2999 280 3058 illa
303 2996 467 3057 multitudo
491 2996 634 3069 militum,
658 3005 694 3056 ut
716 3017 819 3056 omnes
841 2997 879 3057 de
899 2997 997 3059 salute
1020 3001 1112 3079 perti-

224 3086 396 3148 mescerent,
407 3076 488 3154 quod
502 3075 637 3135 locorum
652 3076 798 3154 angustiis
812 3077 907 3136 clausi
921 3078 960 3138 ab
974 3079 1111 3140 hostibus

170 3157 210 3219 35
224 3157 447 3227 obsidebantur,
475 3155 639 3214 desiderari
675 3164 781 3232 coepta
808 3164 852 3215 est
879 3157 1111 3235 Epaminondae

224 3237 390 3314 diligentia.
432 3233 509 3294 Erat
529 3234 610 3293 enim
630 3233 674 3293 ibi
694 3235 832 3313 privatus
850 3256 976 3296 numero
995 3240 1111 3300 militis.

224 3314 256 3375 A
270 3335 329 3395 quo
350 3335 419 3374 cum
440 3322 576 3393 peterent
596 3333 693 3390 opem,
706 3313 826 3373 nullam
843 3315 984 3378 adhibuit
1000 3339 1112 3380 memo·

224 3395 303 3454 riam
316 3394 515 3454 contumeliae
535 3401 566 3451 et
585 3393 752 3452 exercitum
773 3393 927 3454 obsidione
947 3395 1114 3461 liberatum

223 3474 348 3536 domum
362 3473 485 3533 reduxit
497 3470 689 3531 incolumem.
729 3471 838 3549 Neque
849 3493 922 3536 vero
941 3475 999 3536 hoe
1020 3482 1113 3542 semel
