2475 3792
171 240 216 306 62
448 257 661 306 ooaunnn
690 260 884 309 nnroms.

224 413 345 476 trahere
371 435 433 476 uon
459 416 566 495 potuit.
607 415 721 496 Aqua
748 438 781 478 re
807 418 959 498 depulsus,
980 441 1052 482 cum
1075 443 1110 484 aa

224 514 327 568 manu,
349 515 441 574 quam
465 505 667 569 contraxerat,
690 497 789 557 locum
814 498 926 578 delegit
949 501 1053 575 talem,
1076 513 1109 563 ut

223 595 321 653 neque
345 576 554 635 circumiretur
580 576 619 636 ab
644 577 789 650 hostibus,
812 599 910 658 neque
933 583 1110 660 praeteriret

224 654 423 728 adversarius,
437 656 510 735 quin
531 656 715 735 ancipitibus
735 658 808 718 locis
829 670 1018 737 premeretur
1034 672 1072 736 et,
1085 665 1109 723 si

190 737 209 797 5
223 735 368 796 dimicare
378 756 446 795 cum
458 757 492 796 eo
503 736 604 809 vellet,
615 758 676 796 non
691 737 822 797 multum
833 738 935 801 obesse
945 743 1109 804 multitudo

224 815 355 875 hostium
368 835 440 876 suae
453 816 601 894 paucitati
615 826 721 896 posset.

264 895 357 956 VIII.
385 895 473 957 Haec
497 896 552 956 etsi
577 897 826 978 Autophrodates
850 900 982 974 videbat,
1008 912 1109 964 tamen

222 976 330 1036 statuit
353 977 504 1055 congredi,
526 997 617 1056 quam
643 999 712 1038 oum
736 979 830 1040 tantis
854 982 948 1060 copiis
972 983 1111 1062 mingere

223 1065 277 1116 aut
291 1066 354 1116 tam
368 1057 421 1116 diu
434 1077 495 1117 uno
514 1057 580 1117 loco
600 1058 710 1119 sedere.
751 1058 898 1121 Habebat
910 1061 1109 1124 barbarorum

170 1141 209 1202 10
222 1136 358 1215 equitum
382 1137 502 1216 viginti,
529 1138 666 1216 peditum
694 1148 816 1200 centum
843 1142 938 1215 milia,
960 1164 1035 1222 quos
1062 1143 1109 1203 illi

222 1216 374 1278 Cardacas
397 1217 564 1296 appellant,
588 1219 781 1299 ejusdemque
803 1223 920 1300 generis
942 1223 1001 1283 tria
1023 1224 1110 1284 milia
1214 1226 1215 1229 ’

223 1296 411 1358 funditorum
422 1319 429 1369 ;
450 1307 605 1376 praeterea
619 1299 835 1379 Cappadocum
854 1312 921 1362 octo
941 1303 1037 1375 milia,
1050 1303 1110 1363 Ar·
1160 1334 1163 1340 ·
1213 1340 1215 1361 2

221 1378 390 1438 meniorum
402 1378 504 1438 decem
515 1379 610 1451 milia,
622 1379 855 1474 Paphlagonum
865 1383 998 1476 quinque
1012 1383 1109 1457 milia,
1212 1442 1215 1460 Ι,

222 1458 382 1538 Phrygum
394 1459 498 1519 decem
512 1459 607 1532 milia,
622 1459 780 1539 Lydorum
795 1483 928 1542 qumque
941 1463 1037 1536 milia,
1052 1464 1109 1524 As-

170 1541 208 1602 15
222 1539 401 1618 pendiorum
415 1549 445 1599 et
458 1539 631 1600 Pisidarum
651 1540 771 1601 circiter
787 1543 848 1602 tria
868 1543 962 1616 milia,
976 1543 1109 1605 Cilicum

222 1619 292 1691 duo,
306 1618 525 1698 Captianorum
538 1620 675 1692 totidem,
689 1641 728 1680 ex
742 1620 871 1683 Graecia
890 1623 1108 1685 conductorum

222 1699 282 1760 tria
309 1699 403 1773 milia,
423 1700 507 1760 ‚levis
541 1709 715 1768 armaturae
741 1703 909 1762 maximum
936 1724 1108 1766 numerum.

222 1780 290 1840 Has
304 1781 447 1841 adversus
462 1779 563 1860 copias
583 1802 650 1860 spes
669 1783 766 1842 omnis
787 1782 967 1844 consistebat
980 1784 1108 1848 Datami

222 1861 254 1920 in
281 1881 312 1921 se
339 1861 457 1940 locique
484 1870 613 1921 natura:
635 1882 767 1942 namque
789 1863 880 1942 hujus
903 1873 1022 1943 partem
1046 1887 1108 1926 non

169 1946 209 2008 20
222 1941 354 2002 habebat
380 1941 555 2003 vicesimam
585 1942 728 2003 militum.
770 1944 890 2019 Quibus
917 1944 1013 2005 fretus
1041 1966 1108 2006 con·

222 2022 311 2096 flixit,
332 2023 634 2102 adversariorumque
654 2023 752 2083 multa
772 2023 858 2084 milia
878 2025 1019 2098 concidit,
1038 2046 1106 2086 cum

222 2103 260 2163 de
280 2104 374 2182 ipsius
394 2103 529 2163 exercitu
543 2123 603 2163 non
618 2103 750 2182 amplius
764 2104 921 2165 hominum
935 2105 1021 2166 mille
1035 2106 1107 2166 ceci-

221 2184 321 2245 disset
363 2183 465 2260 Quam
487 2183 525 2244 ob
546 2203 669 2244 causam
689 2194 807 2263 postero
821 2185 871 2245 die
883 2193 931 2246 tro
973 2207 1043 2246 eum
1057 2207 1107 2266 po-

220 2265 290 2338 suit,
318 2286 378 2345 quo
406 2265 472 2325 loco
499 2264 598 2343 pridie
625 2273 796 2343 pugnatum
816 2274 889 2326 erat.
966 2267 1016 2326 inc
1037 2288 1106 2327 cum

167 2348 207 2410 25
221 2354 320 2406 castra
340 2345 489 2418 movisset,
510 2365 686 2424 semperque
705 2345 830 2405 inferior
849 2345 950 2425 copiis,
970 2348 1108 2424 superior

220 2426 360 2487 omnibus
374 2425 495 2505 proeliis
509 2425 683 2498 discederet,
698 2425 779 2504 quod
795 2446 962 2505 numquam
980 2447 1107 2487 manum

221 2516 396 2579 consereret,
417 2506 475 2566 nisi
496 2527 565 2566 oum
589 2505 777 2567 adversarios
801 2505 936 2566 locorum
959 2508 1107 2587 angustiis

221 2587 385 2660 clausisset,
399 2586 480 2666 quod
494 2587 591 2665 perito
606 2586 763 2664 regionum
777 2585 888 2646 callide
909 2607 947 2646 ue
961 2588 1107 2666 cogitanti

219 2688 309 2747 saepe
329 2667 493 2728 accidebat.
535 2666 793 2745 Autophrodates,
808 2687 877 2726 cum
936 2667 1014 2726 llum
1035 2669 1106 2729 duci

167 2751 206 2812 30
220 2751 334 2828 majore
347 2747 425 2826 regis
436 2747 609 2807 calamitate
620 2767 713 2826 quam
727 2747 970 2808 adversariorum
979 2748 1106 2822 videret,

220 2830 260 2890 ad
274 2849 379 2908 pacem
394 2827 619 2906 amicitiamque
633 2827 771 2887 hortatus
789 2836 842 2901 est,
856 2836 892 2887 ut
905 2848 975 2887 cum
989 2849 1059 2907 rege
1073 2829 1105 2889 in

219 2909 349 2988 gratiam
377 2907 496 2968 rediret.
539 2907 643 2984 Quam
671 2907 724 2968 ille
751 2907 806 2968 etsi
833 2907 926 2967 fidam
954 2929 1014 2968 nou
1042 2910 1106 2969 fore

219 2989 356 3068 putabat,
370 2996 474 3048 tamen
492 2988 698 3048 condicionem
720 2987 839 3067 accepit
856 3008 947 3066 seque
960 2988 1000 3047 ad
1014 2988 1106 3050 Arta-

219 3089 345 3130 xerxem
365 3068 480 3147 legatos
501 3069 663 3132 missurum
683 3068 771 3129 dixit.
812 3067 862 3128 Sic
884 3067 1009 3142 bellum,
1023 3071 1105 3149 quod

167 3150 205 3210 35
219 3170 277 3209 rex.
304 3149 448 3209 adversus
482 3147 646 3208 Datamem
679 3158 859 3227 susceperat,
885 3149 1024 3209 sedatum
1052 3160 1104 3212 est

218 3228 466 3307 Autophradates
480 3228 511 3286 in
526 3228 694 3306 Phrygiam
707 3248 739 3288 se
752 3228 872 3307 recepit

259 3307 319 3368 IX.
341 3307 387 3369 At
399 3328 463 3380 rex,
474 3307 554 3385 quod
568 3307 762 3386 implacabile
775 3309 880 3368 odium
893 3309 926 3368 in
940 3309 1105 3372 Datamem

218 3395 397 3465 susceperat,
415 3395 573 3466 postquam
595 3387 676 3447 bello
696 3408 765 3447 eum
785 3389 917 3468 opprimi
937 3410 998 3450 uon
1019 3412 1106 3470 posse

219 3467 444 3540 animadvertit,
464 3466 581 3526 insidiis
600 3467 768 3528 interficere
788 3469 922 3543 studuit3
951 3491 1027 3548 quas
1050 3472 1106 3533 ille
1217 3504 1218 3507 ¹
