2475 3792
151 262 215 331 100
426 279 640 330 coenam
670 280 864 346 11110111.

201 457 295 500 mauu
314 436 410 498 saltus
429 446 635 517 occupantem.
677 436 761 497 Hinc
775 437 807 496 in
821 435 971 515 Apuliam
1030 458 1092 499 rve-

201 519 256 578 nit.
298 518 347 578 Ibi
369 517 491 579 obviam
512 519 540 577 ei
559 527 708 579 venerunt
730 518 790 576 duo
813 517 959 589 consules,
1001 518 1018 578 ¹.
1041 517 1092 578 Te

201 598 316 659 rentius
342 608 373 658 et
399 597 435 658 L.
460 597 618 658 Aemilius„
661 597 829 676 Utriusque
852 597 1006 657 exercitus
1034 617 1091 657 uno

201 679 316 759 proelio
329 678 449 757 fugavit
457 699 465 749 ;
485 677 618 737 Paulum
633 677 786 738 consulem
807 677 917 737 occidit
930 686 962 738 et
976 678 1093 757 aliquot

168 759 187 819 5
201 768 356 839 praeterea
370 758 549 829 consulares,
564 757 595 817 in
609 758 656 817 his
671 757 725 817 Cn.
737 757 901 819 Servilium
916 757 1092 831 Geminum,

201 840 255 920 qui
268 859 349 899 anno
362 837 514 917 superiore
527 837 629 898 fuerat
642 837 754 897 consul.

241 919 282 981 V.
310 919 380 979 Hac
407 938 511 997 pugna
537 927 682 997 pugnata,
704 918 834 978 Romam
862 917 1017 997 profectus
1041 927 1093 992 est,

199 999 286 1060 nullo
299 999 460 1058 resistente.
502 997 541 1058 In
561 998 739 1078 propinquis
759 997 843 1058 urbis
863 998 1020 1058 montibus
1034 1019 1094 1059 mo-

200 1089 284 1140 ratus
297 1087 349 1139 est
391 1078 469 1138 Cum
483 1079 601 1158 aliquot
621 1079 663 1140 ibi
684 1079 748 1138 dies
768 1088 867 1138 castra
886 1077 1045 1138 habuisset
1064 1087 1094 1140 et

147 1160 186 1222 10
200 1167 399 1221 reverteretur
419 1159 567 1238 Capuam,
581 1159 621 1235 Q„
637 1158 751 1218 Fabius
772 1158 938 1230 Maximus,
960 1158 1093 1219 dictator

200 1241 364 1312 Romanus,
375 1240 407 1299 in
421 1260 494 1318 agro
508 1239 641 1299 Falerno
655 1239 683 1299 ci
696 1259 727 1298 se
737 1238 854 1318 objecit.
896 1237 960 1298 Hic
971 1238 1093 1300 clausus

198 1320 332 1381 locorum
347 1320 502 1398 angustiis,
517 1329 608 1379 noctu
628 1320 692 1379 sine
706 1319 770 1379 ullo
784 1319 965 1378 detrimento
979 1320 1093 1380 exerci-

197 1410 247 1461 tus
279 1421 311 1461 se
337 1400 509 1480 expedivit;
543 1399 651 1472 Fabio,
678 1399 872 1459 callidissimo
905 1398 1092 1478 imperatori,

197 1480 292 1542 verba
314 1481 406 1541 dedit
448 1480 590 1560 Namque
612 1480 744 1540 obducta
768 1488 855 1540 nocte
880 1490 1036 1540 sarmenta
1060 1481 1092 1540 in

146 1561 184 1622 15
198 1560 339 1624 cornibus
347 1561 547 1640 juvencorum
562 1560 696 1639 deligata
710 1560 852 1632 incendit,
866 1561 990 1639 ejusque
1004 1580 1091 1639 gene·

198 1641 240 1701 ris
254 1641 481 1702 multitudinem
495 1661 639 1720 magnam
649 1640 830 1720 dispalatam
842 1640 975 1700 immisit.
1019 1640 1090 1716 Quo

197 1721 355 1801 repentino
368 1720 487 1801 objectu
501 1722 566 1783 viso
585 1729 706 1781 tantum
727 1729 871 1780 terrorem
886 1721 990 1800 injecit
1004 1742 1088 1781 exer·

197 1801 272 1862 citui
290 1802 506 1875 Romanorum,
520 1810 555 1863 ut
575 1801 677 1881 egredi
698 1811 786 1862 extra
799 1801 917 1862 vallum
939 1821 1029 1862 nemo
1050 1803 1088 1862 sit

197 1903 296 1942 ausus.
337 1882 429 1943 Hanc
443 1891 511 1962 post
524 1902 587 1962 rem
601 1892 717 1962 gestam
731 1903 789 1942 non
806 1882 849 1942 ita
863 1881 968 1942 multis
981 1882 1089 1944 diebus

143 1961 184 2024 20
198 1963 241 2022 M.
251 1962 422 2023 Minucium
432 1963 743 2042 Rufum,magistrum
752 1963 897 2042 equitum,
905 1962 973 2042 pari
982 1983 1019 2024 ac
1028 1964 1088 2024 dic·

196 2051 325 2103 tutorem
336 2043 470 2123 imperio,
481 2043 552 2103 dolo
562 2044 744 2123 productum
755 2044 787 2102 in
798 2043 946 2122 proelium
957 2043 1086 2122 fugavit

196 2121 352 2183 Tiberium
373 2124 584 2202 Sempronium
598 2123 782 2196 Gracchum,
797 2123 907 2183 iterum
922 2124 1084 2197 consulem,

196 2203 229 2262 in
245 2203 379 2263 Lucanis
392 2203 498 2263 absens
512 2203 543 2263 in
558 2203 682 2264 insidias
697 2205 854 2264 inductum
869 2203 1000 2264 sustulit.
1043 2205 1085 2264 M.

196 2282 361 2343 Claudium
394 2283 586 2356 Marcellum,
613 2284 773 2363 quinquies
806 2284 968 2357 consulem,
1004 2285 1086 2363 apud

142 2363 183 2424 25
196 2362 364 2424 Venusiam
384 2363 451 2441 pari
471 2365 560 2424 modo
581 2364 738 2425 interfecit.
780 2363 920 2442 Longum
948 2373 993 2425 est
1017 2385 1087 2424 enu-

195 2463 312 2502 merare
325 2443 447 2522 proelia.
489 2443 594 2519 Quare
614 2445 671 2504 hoc
692 2465 787 2504 unum
804 2445 875 2504 satis
889 2445 946 2504 erit
960 2444 1086 2518 dictum,

195 2543 235 2582 ex
249 2543 308 2601 quo
321 2523 451 2602 intelligi
471 2525 573 2603 possit,
586 2534 718 2604 quantus
738 2525 791 2584 ille
810 2524 918 2585 fuerit:
940 2525 1086 2603 quamdin

194 2603 227 2662 in
242 2602 335 2663 Italia
347 2602 415 2676 fuit,
429 2624 517 2665 nemo
530 2604 557 2664 ei
571 2605 603 2664 in
617 2606 682 2665 acie
703 2605 820 2677 restitit,
834 2625 923 2664 nemo
942 2604 1086 2666 adversus

195 2703 265 2743 eum
333 2682 543 2744 tCannensem
559 2705 693 2764 pugnam
705 2685 737 2745 in
748 2705 855 2763 campo
866 2694 965 2745 castra
976 2687 1084 2764 posuit.

142 2763 183 2826 30
236 2762 294 2823 V.
323 2762 407 2823 Hinc
436 2764 567 2825 invictus
590 2766 723 2845 patriam
747 2765 901 2825 defensum
927 2776 1086 2826 revocatus

195 2842 311 2902 bellum
338 2843 429 2921 gessit
455 2844 599 2905 adversus
626 2845 660 2905 P.
686 2845 865 2925 Scipionem,
889 2845 988 2905 filium
1013 2848 1084 2926 ejuS,

196 2942 286 3002 quem
299 2922 362 3001 ipse
375 2924 474 3001 primo
494 2926 577 3004 apud
598 2926 792 2998 Rhodanum,
806 2925 916 2985 iterum
931 2927 1014 3004 apud
1029 2927 1085 2986 Pa·

196 3003 278 3074 dum,
299 3002 389 3062 tertio
410 3004 493 3081 apud
517 3004 658 3065 Trebiam
681 3006 811 3084 fugarat.
853 3005 931 3066 Cum
954 3005 1021 3082 hoc,
1036 3027 1085 3066 ex·
1152 3035 1156 3042 ·
1208 3009 1209 3016 ’

196 3081 311 3141 haustis
327 3082 393 3160 jam
406 3083 524 3161 patriae
537 3084 743 3158 facultatibus,
758 3085 875 3164 cupivit
895 3085 927 3144 in
948 3106 1085 3165 praesen·

142 3160 182 3222 35
196 3161 308 3220 tiarum
343 3159 457 3220 bellum
491 3183 678 3242 componere,
706 3185 766 3243 quo
801 3165 958 3229 valentior.
982 3175 1086 3244 postea

196 3238 434 3316 congrederetur.
476 3240 515 3301 10
542 3244 727 3322 colloquium
751 3245 909 3316 convenit;
937 3246 1086 3307 condicio

195 3337 247 3376 nes
260 3337 322 3376 non
335 3329 549 3381 convenerunt.
590 3322 665 3382 Post
677 3322 709 3382 id
723 3324 838 3383 factum
860 3325 965 3402 paucis
979 3326 1086 3387 diebus

195 3394 278 3474 apud
298 3396 422 3455 Zamam
442 3419 512 3459 cum
531 3401 637 3460 eodem
656 3403 809 3463 conflixit:
830 3403 945 3482 pulsus,
959 3405 1087 3466 incredi-

195 3473 257 3534 bile
278 3475 371 3549 dictu,
391 3475 484 3537 biduo
505 3488 535 3539 et
556 3479 674 3540 duabus
695 3483 834 3543 noctibus
856 3482 1086 3547 Hadrumetum
