2475 3792
149 241 214 308 104
429 258 642 306 conanum
672 260 862 308 naporrs.

201 417 305 478 atatim
327 417 514 478 committere
538 437 598 477 non
621 415 782 478 dubitavit.
824 415 946 478 Horum
969 419 1001 478 in
1025 437 1091 482 con·

201 510 292 558 cursu
305 497 445 576 Bithynii
460 497 645 556 Hannibalis
660 507 817 576 praecepto
832 499 965 560 universi
980 521 1089 562 navem

201 577 348 638 Eumenis
368 578 555 637 adoriuntur.
598 576 737 652 Quorum
755 577 818 637 vim
840 598 892 637 rex
914 599 984 638 cum
1007 582 1092 640 susti-

201 679 273 718 nere
286 679 347 718 non
360 666 467 736 posset,
481 657 555 734 fuga
568 656 697 716 salutem
712 657 796 734 petit,
808 678 898 736 quam
914 671 1092 721 consecutus

167 736 263 800 bnon
283 747 366 810 esset,
380 737 438 796 nisi
459 737 540 796 intra
553 757 608 796 sua
623 737 774 814 praesidia
788 758 818 796 se
833 739 1000 818 recepisset,
1015 762 1093 819 quae

200 819 234 878 in
254 818 392 898 proximo
413 816 502 876 litore
515 825 601 876 erant
615 816 771 876 collocata.
812 817 960 897 Reliquae
983 821 1092 900 Perga-

201 918 307 958 menae
326 916 419 958 naves
439 917 507 956 eum
529 897 716 957 adversarios
736 908 904 976 premerent
925 900 1036 974 acrius,
1050 923 1092 960 re

200 987 292 1057 pente
305 978 337 1037 in
351 998 400 1037 eas
413 997 486 1038 vasa
500 977 614 1049 fictilia,
629 977 667 1036 de
681 977 789 1056 quibus
803 998 894 1056 supra
907 982 1092 1040 mentionem

201 1059 335 1131 fecimus,
346 1057 452 1137 conjici
466 1067 573 1137 coepta
585 1066 665 1117 sunt.
708 1057 795 1134 Quae
804 1059 888 1138 jacta
898 1059 986 1120 initio
997 1062 1091 1120 risum

147 1139 187 1202 10
200 1136 407 1220 pugnantibus
421 1139 620 1212 concitarunt,
634 1158 740 1218 neque,
751 1159 843 1217 quare
857 1139 888 1198 id
902 1139 996 1214 fieret,
1010 1151 1093 1220 pote-

200 1230 249 1281 rat
262 1219 401 1298 intelligi.
442 1218 606 1297 Postquam
624 1228 726 1278 autem
740 1239 831 1280 navas
846 1220 1011 1299 completas
1025 1243 1092 1282 con-

199 1308 365 1380 spexerunt
383 1298 579 1378 serpentibus,
592 1318 674 1360 nova
694 1319 726 1358 re
745 1300 905 1377 perterriti,
927 1320 996 1360 cum
1018 1302 1091 1380 quid

199 1381 389 1460 potissimum
402 1381 535 1441 vitarent
551 1400 610 1440 non
627 1379 773 1452 viderent,
786 1400 901 1460 puppes
915 1390 1094 1442 auerterunt

251 1481 290 1520 ue
309 1460 348 1520 ad
368 1481 423 1519 sua
444 1470 541 1520 castra
555 1460 678 1520 nautica
691 1460 868 1520 retulerunt.
908 1461 958 1520 Sic
972 1461 1092 1521 Hanni-

147 1541 186 1603 15
200 1541 240 1601 ba
275 1540 399 1600 consilio
421 1561 507 1598 arma
528 1540 783 1618 Pergamenorum
801 1541 972 1618 superavit;
994 1563 1093 1620 neque

199 1630 267 1681 tum
289 1620 397 1693 solnm,
417 1620 469 1680 sed
485 1631 541 1679 'sae
600 1619 676 1679 alias
698 1620 885 1699 pedestribus
907 1621 1002 1701 copiis
1023 1623 1092 1702 pari

199 1701 363 1782 prudentia
376 1699 495 1779 pepulit
508 1720 527 1759 a
548 1700 704 1760 versarios.
945 1745 947 1748 -

240 1780 320 1842 XII.
341 1781 430 1857 Quae
443 1780 517 1840 dum
530 1780 562 1839 in
577 1778 653 1840 Asia
675 1790 830 1859 geruntur,
840 1781 951 1841 accidit
965 1802 1045 1856 casu,
1057 1792 1093 1843 ut

199 1861 293 1941 legati
303 1861 428 1921 Prusiae
440 1861 555 1921 Itomae
565 1861 647 1939 apud
657 1860 692 1920 L.
705 1861 865 1937 Quintium
877 1861 1090 1922 Flamininum

147 1945 187 2007 20
201 1942 387 2003 consularem
402 1951 562 2001 coenarent
582 1950 674 2019 atque
695 1941 747 2013 ibi,
761 1941 798 2000 de
818 1938 996 2002 Hannibale
1010 1963 1092 2002 men-

200 2023 383 2095 timefacta,
393 2043 433 2082 ex
446 2022 493 2081 his
506 2042 584 2080 unus
595 2022 716 2094 diceret,
728 2042 796 2080 eum
811 2021 841 2079 in
856 2022 983 2082 Prusiae
996 2043 1090 2102 regno

200 2123 270 2163 esse
305 2100 342 2162 Id
354 2112 472 2181 postero
482 2102 531 2161 die
542 2101 735 2160 Flamininus
749 2102 866 2161 senatui
880 2102 998 2162 detulit.
1034 2103 1091 2162 Pa-

200 2192 262 2244 tres
285 2183 455 2261 conscripti,
476 2183 539 2261 qui,
563 2181 741 2241 Hannibale
764 2182 844 2256 vivo,
868 2203 1034 2261 numquam
1059 2204 1090 2243 se

200 2265 265 2323 sine
273 2263 390 2322 insidiis
396 2265 514 2322 futuros
523 2263 739 2333 existimarent,
749 2262 861 2342 legatos
870 2262 900 2320 in
911 2262 1088 2342 Bithyniam

147 2347 187 2408 25
201 2345 356 2416 miserunt,
367 2344 398 2402 in
413 2343 460 2402 his
473 2343 692 2415 Flamininum,
704 2343 755 2420 qui
767 2341 806 2402 ab
817 2363 885 2482 rege
896 2353 1041 2421 peterent,
1052 2364 1089 2403 ne

201 2424 440 2483 inimicissimum
453 2443 542 2482 snum
561 2444 662 2483 secum
683 2422 808 2483 haberet
829 2424 853 2482 si
876 2424 945 2502 ique
959 2424 1088 2484 dederet,

200 2504 261 2564 His
282 2503 406 2564 Prusias
425 2523 536 2582 negare
557 2524 647 2564 ausus
669 2525 728 2564 non
751 2513 811 2576 est;
832 2503 909 2562 illud
931 2504 1088 2576 recusavit,

199 2605 238 2644 ne
252 2585 283 2644 id
298 2605 317 2644 a
330 2605 361 2644 se
370 2584 435 2644 fieri
449 2584 646 2663 postularent,
657 2585 736 2662 quod
751 2585 893 2645 adversus
903 2585 953 2664 jus
968 2583 1088 2663 hospitii

200 2673 276 2725 esset
286 2686 295 2737 ;
315 2665 381 2742 ipsi,
395 2665 420 2724 si
440 2674 569 2743 possent,
587 2665 890 2742 comprehenderent;
911 2664 1022 2737 locum,
1036 2663 1087 2724 ubi

146 2747 187 2810 30
200 2753 284 2818 esset,
299 2745 388 2805 facile
408 2745 591 2806 inventuros.
633 2744 792 2804 Hannibal
807 2745 886 2804 enim
901 2765 962 2804 uno
977 2745 1043 2804 loco
1057 2764 1087 2804 sa

201 2824 324 2886 tenebat
338 2825 370 2884 in
389 2825 522 2897 castello,
536 2825 617 2903 quod
639 2825 666 2884 ei
686 2846 705 2885 a
725 2845 794 2904 rege
814 2825 919 2885 datum
940 2834 1006 2885 erat
1027 2845 1089 2884 mu·

200 2905 283 2977 neri;
308 2905 399 2983 idque
419 2905 462 2964 sic
482 2905 665 2977 aedificarat,
686 2906 772 2965 utin
793 2905 931 2965 omnibus
952 2905 1088 2984 partibus

200 2985 330 3045 aedificii
351 2986 450 3044 exitus
470 2984 604 3055 haberet,
618 2985 732 3044 seilicet
746 3006 859 3058 verens,
880 3005 917 3044 ne
938 3007 994 3045 usu
1009 2985 1088 3047 veni·

200 3074 255 3136 ret,
269 3065 350 3142 quod
364 3065 482 3123 accidit.
525 3064 598 3122 Huc
619 3085 688 3122 curn
710 3065 800 3143 legati
819 3066 1027 3126 Romanorum
1042 3087 1088 3126 ve

146 3146 186 3206 35
200 3144 313 3203 nissent
327 3164 363 3202 ac
377 3142 572 3202 multitudine
587 3143 711 3202 domum
732 3147 795 3223 ejus
816 3146 1088 3217 circumdedissent,

199 3243 276 3302 puer
298 3222 338 3281 ab
357 3224 455 3300 janua
477 3222 661 3299 prospiciens
686 3222 856 3283 Hannibali
878 3225 967 3298 dixit,
989 3227 1089 3304 plures

199 3311 321 3380 praeter
337 3301 583 3361 consuetudinem
604 3311 736 3361 armatos
757 3323 910 3381 apparere.
953 3305 1017 3382 Qui
1038 3307 1089 3364 im·

200 3380 320 3457 paravit
334 3380 370 3452 ei,
385 3387 420 3438 ut
438 3400 540 3439 omnes
553 3380 631 3439 fores
645 3381 775 3441 aedificii
789 3383 960 3445 circumiret
974 3406 1011 3445 ac
1025 3406 1090 3463 pro

199 3477 272 3538 pere
297 3459 354 3521 sibi
382 3459 578 3531 renuntiaret,
605 3480 680 3519 num
708 3462 812 3522 eodem
839 3464 928 3524 modo
956 3466 1090 3544 undiquc
