2475 3792
412 231 751 277 runsusrocnns.
1034 217 1074 282 17

132 385 232 447 eadem
246 386 388 448 oratione
405 387 589 467 explicabat.
632 387 741 466 Neque
759 389 860 450 minus
879 389 912 450 in
932 390 1022 454 rebus

131 468 265 543 gerendis
279 477 444 548 promptus
464 489 557 546 quarn
576 469 785 546 excogitandis
805 479 879 544 erat,
893 472 974 550 quod
992 481 1023 533 et

130 546 166 606 de
185 546 384 622 instantibus
400 557 435 608 ut
456 549 500 608 ait
521 548 890 629 Thucydides-verissime
905 551 1022 630 judica-

130 625 181 686 bat
194 635 224 686 et
238 628 277 687 de
291 628 409 688 futuris
429 629 624 688 callidissime
644 629 830 709 conjiciebat„
873 630 943 707 Quo
963 631 1024 692 iao·

129 713 193 765 tum
207 716 261 779 est,
276 717 314 768 ut
328 709 417 769 brevi
432 717 567 787 ternpore
581 709 794 770 illustraretur.
1056 711 1077 772 5

167 785 209 846 ΙΙ.
239 787 368 847 Primus
396 797 500 848 autem
527 790 640 867 gradus
668 789 728 849 fuit
755 790 952 869 capessendae
978 791 1023 852 rei

128 865 270 944 publicae
284 867 370 928 bello
384 867 570 948 Corcyraeo;
592 869 632 929 ad
653 869 734 948 quod
754 871 919 948 gerendum
938 891 1024 950 pree·

127 955 175 1006 tor
194 968 213 1006 a
234 949 355 1028 populo
377 948 475 1008 factus
497 969 557 1008 non
577 950 677 1008 solum
697 951 847 1029 praesenti
868 951 957 1024 bello,
970 951 1023 1011 sed

128 1027 219 1087 etiam
233 1029 359 1108 reliquo
371 1037 509 1107 tempore
522 1029 705 1089 ferociorem·
711 1030 844 1090 reddidit
859 1031 1023 1092 civitatem.

128 1105 210 1167 Nam
223 1130 301 1169 cum
315 1109 446 1188 pecunia
458 1107 592 1188 publiea,
607 1130 686 1188 quae
698 1131 738 1170 ex
752 1110 883 1170 metallis
896 1111 1023 1184 redibat,
1038 1110 1076 1170 10

127 1187 295 1268 largitione
308 1189 545 1268 magistratuum
557 1191 721 1268 quotannis
733 1190 878 1263 interiret,
893 1188 946 1250 ille
959 1211 1024 1283 per-

127 1270 222 1329 suasit
238 1269 365 1349 populo‚
380 1279 416 1329 ut
433 1290 469 1329 ea
482 1271 612 1349 pecunia
632 1270 735 1330 elassis
755 1280 876 1330 centum
897 1290 1024 1331 navrum

128 1349 353 1410 aedificaretur.
397 1349 471 1426 Qua
497 1350 635 1411 celeriter
662 1351 776 1423 effecta,
796 1351 929 1429 primum
952 1351 1025 1411 Cor·

128 1451 256 1509 cyraeos
277 1430 378 1510 fregit,
399 1428 510 1490 deinde
532 1431 701 1491 maritimos
720 1431 885 1509 praedones
909 1451 1025 1491 eonsec-

128 1511 224 1572 tando
244 1519 335 1570 ‘mare
359 1519 463 1570 tutum
487 1510 628 1572 reddidit.
669 1509 792 1590 Inque
816 1531 886 1571 cum
909 1511 1025 1572 divitiis
1039 1509 1077 1570 15

128 1592 264 1665 ornavit,
285 1601 353 1650 tum
377 1591 472 1651 etiam
495 1591 690 1670 peritissimos
712 1590 786 1652 belli
810 1591 928 1653 navalis
952 1590 1042 1654 fecit.

129 1671 344 1733 Athenienses.
368 1670 440 1746 ald
467 1681 598 1751 quantae
628 1671 731 1732 saluti·
747 1671 840 1732 firerit
866 1671 1025 1732 universae

130 1751 291 1825 Graeciae,
316 1751 397 1812 bello
425 1752 579 1830 cognitum
606 1761 652 1812 est
679 1752 808 1813 Persico.
827 1750 931 1819 aNam
955 1772 1025 1812 cum

130 1831 256 1893 Xerxes
277 1841 309 1892 ct
327 1832 408 1892 mari
431 1840 463 1892 et
485 1841 566 1892 terra
586 1831 702 1893 bellum
721 1833 881 1893 universae
900 1831 1025 1890 inferret

131 1912 280 1992 Europae
290 1932 360 1972 cum
370 1913 464 1974 tantis
479 1913 580 1992 copiis,
590 1922 720 1992 quantas
732 1933 831 1991 neque
843 1921 915 1972 ante
927 1931 1025 1990 neque
1038 1910 1077 1970 20

42 2027 49 2038 ·
132 2003 238 2072 postea
262 1993 373 2053 habuit
400 1993 579 2072 quisquam:
606 1993 697 2072 hujus
717 1993 799 2052 enim
819 1992 921 2052 elassis
939 1991 1024 2051 mille

132 2083 164 2134 et
190 2074 394 2134 ducentarum
421 2075 546 2134 navium
574 2071 736 2151 longarum
758 2073 827 2145 fuit,
847 2092 939 2150 quam
963 2072 1024 2132 duo

134 2155 220 2214 milia
248 2154 460 2214 onerariarum
485 2153 895 2233 sequebantur3qterrestres
920 2161 1023 2212 autem

134 2235 286 2294 exercitus
306 2234 566 2312 septingentorum
586 2232 707 2292 milium
726 2233 873 2315 peditum,
886 2233 1024 2311 equitum

135 2315 429 2394 quadringentorum
443 2314 561 2373 milium
579 2313 719 2373 fuerunt:
740 2313 827 2392 cujus
840 2312 878 2372 de
891 2313 1025 2373 adventu
1039 2311 1078 2373 25

135 2409 205 2456 oum
216 2395 300 2454 fama
311 2395 343 2453 in
354 2393 516 2454 Graeciam
527 2402 602 2454 esset
612 2394 731 2472 perlata
743 2401 774 2454 et
788 2393 922 2452 maxime
931 2390 1026 2452 Athe

134 2477 252 2536 nienses
277 2475 340 2554 peti
364 2474 537 2533 dicerentur
560 2483 684 2553 propter
708 2493 844 2552 pugnam
871 2473 1025 2532 Maratho-

135 2557 235 2628 niam;
257 2555 407 2614 miserunt
428 2553 487 2613 Del
508 2555 563 2613 hos
583 2554 764 2625 consultum,
784 2554 930 2632 quidnam
949 2554 1027 2613 face·

135 2644 203 2696 rent
213 2637 253 2695 de
266 2635 356 2695 rebus
370 2634 441 2694 suis.
482 2575 730 2693 lieliberantibus
741 2633 854 2712 Pythia
864 2632 1025 2712 respondit,

136 2726 170 2776 ut
184 2715 343 2776 moenibus
357 2713 467 2792 ligneis
480 2734 511 2774 se
525 2714 688 2773 munirent.
730 2712 768 2772 Id
782 2734 1025 2792 responsumque
1040 2711 1079 2772 30

136 2798 262 2869 valeret,
277 2815 348 2855 cum
358 2794 549 2872 'intelligeret
568 2814 666 2866 neme,
680 2793 894 2870 Themistocles
908 2813 1027 2872 persua-

136 2878 183 2948 sit,
205 2875 369 2936 consilium
391 2893 452 2933 esse
465 2873 629 2952 Apollinis,
643 2882 678 2933 ut
698 2874 731 2932 in
751 2867 894 2933 navasse
913 2893 1027 2951 suaque

137 2957 325 3016 conferrent:
348 2973 419 3012 eum
439 2955 520 3012 enim
541 2973 559 3016 a
580 2955 636 3014 deo
656 2952 820 3032 significari
838 2973 959 3011 murum
973 2953 1028 3031 lig·

137 3056 239 3095 neum.
281 3034 352 3094 Tali
370 3034 493 3094 consilio
512 3034 649 3112 probate,
663 3034 782 3092 addunt
801 3033 840 3091 ad
862 3032 1027 3110 superiores
1047 3051 1051 3056 ·

138 3117 264 3176 totidem
287 3133 382 3174 naves
403 3113 546 3186 triremes,
561 3133 675 3191 suaque
695 3113 805 3184 omnia,
819 3132 897 3189 quae
913 3113 1029 3172 moveri
1043 3108 1082 3170 35

139 3204 291 3274 poterant,
318 3194 433 3273 pa1tim
466 3193 632 3263 Salamina,
659 3191 771 3268 partim
802 3191 953 3248 Troezena
981 3192 1030 3248 de-

140 3283 283 3354 portant;
314 3293 416 3332 arcem
444 3271 649 3332 sacerdotibus
677 3269 840 3345 paucisque
868 3268 1031 3352 majoribus

140 3363 217 3414 natu
238 3374 276 3414 ac
296 3371 384 3412 sacra
404 3350 597 3430 procuranda
617 3348 753 3414 tradunt,
773 3343 924 3419 reliquum
951 3359 1033 3414 oppr-

142 3434 217 3494 dum
238 3434 427 3510 relinquunt.

257 3511 417 3570 2-Nepos.
