2475 3792
380 1020 826 1115 PRAEFATIO.

500 1255 710 1298 -ωῗοςοο-

191 1422 219 1485 1.
240 1421 322 1485 Nor
340 1421 450 1484 dubito
464 1421 527 1484 fore
540 1421 707 1504 plerosque,
721 1423 834 1500 Attice,
849 1426 900 1507 qui
921 1426 979 1488 hoc
999 1449 1047 1508 ge·

149 1521 207 1564 nus
221 1506 397 1584 scripturae
412 1505 479 1565 leve
497 1513 526 1564 et
545 1507 692 1566 nonsatis
712 1506 839 1586 dignum
859 1528 1046 1569 summorum

150 1584 291 1644 virorum
305 1585 443 1664 personis
452 1585 598 1664 judicent,
614 1607 683 1645 cnm
702 1586 832 1647 relatum
854 1587 963 1666 legent,
978 1589 1045 1668 quis

150 1665 302 1724 musicam
320 1665 459 1724 docuerit
478 1665 739 1742 Epaminondam3
760 1667 860 1727 autin
874 1669 937 1746 ejus
951 1668 1045 1729 virtu·

150 1743 234 1804 tibus
249 1744 491 1816 commemorari,
505 1745 629 1804 saltasse
645 1766 714 1805 eum
732 1748 887 1806 commode
906 1747 1044 1808 scienter·
1078 1747 1097 1809 5

151 1843 212 1902 que
233 1823 319 1883 tibiis
340 1833 484 1884 cantasse.
526 1825 553 1884 2.
578 1824 637 1884 Sed
659 1824 691 1884 hi
712 1836 801 1886 erunt
820 1826 891 1899 fere,
912 1827 973 1906 qui,
995 1849 1045 1888 ex·

152 1911 253 1981 pertas
268 1904 441 1964 litterarum
456 1900 653 1977 Graecarum,
664 1904 741 1964 nihil
755 1916 880 1979 rectum,
891 1907 949 1965 nisi
963 1909 1044 2047 (dum

152 1981 290 2061 ipsorum
301 1983 436 2043 moribus
452 1984 619 2057 conveniat,
630 1985 791 2063 putabunt.
834 1987 860 2046 3.
876 1985 921 2045 Hi
932 1986 957 2046 si
990 1988 1044 2048 idi·

153 2065 259 2136 cerint‚
270 2083 333 2123 non
347 2065 453 2124 eadem
467 2063 606 2124 omnibus
620 2085 682 2124 esse
696 2065 820 2126 honesta
830 2076 921 2144 atque
932 2069 1043 2147 turpia,

153 2142 205 2203 aed
225 2144 331 2204 omnia
351 2145 500 2222 majorum
522 2144 667 2204 institutis
683 2145 824 2223 judicari,
839 2166 899 2206 non
914 2147 1096 2210 admira-10

154 2219 278 2296 buntur,
287 2242 341 2283 nos
353 2224 384 2283 in
395 2222 559 2284 Graiorum
569 2223 734 2284 virtutibus
748 2226 932 2304 exponendis
946 2247 1043 2289 mores

154 2322 258 2362 eorum
279 2313 404 2364 secutos,
446 2304 474 2364 4.
495 2301 602 2381 Neque
623 2304 704 2364 enim
725 2304 844 2365 Cimoni
864 2305 924 2366 fuit
944 2315 1042 2387 turpe,

154 2381 388 2458 Atheniensium
409 2401 525 2444 summo
546 2385 622 2457 viro,
642 2403 772 2444 sororem
793 2406 968 2464 germanam
990 2387 1041 2448 ha-

155 2458 225 2524 bere
244 2464 276 2522 in
298 2465 507 2525 matrimonio:
529 2465 642 2544 quippe
662 2485 732 2524 oum
751 2465 831 2527 cives
852 2467 915 2546 ejus
936 2467 1039 2527 eodem

155 2551 311 2604 uterentur
330 2545 477 2605 institut.
518 2543 563 2605 At
584 2545 615 2604 id
636 2546 758 2624 quidem
778 2547 887 2607 nostris
907 2547 1041 2608 moribus
1055 2548 1093 2609 15

154 2624 237 2684 nefas
261 2624 399 2685 habetur.
442 2625 543 2684 Laudi
567 2625 599 2684 in
625 2625 755 2686 Graecia
779 2627 901 2686 ducitur
928 2626 1041 2687 adoles·

155 2704 281 2764 centulis
309 2725 401 2784 quam
429 2704 575 2783 plurimos
606 2706 718 2767 habere
744 2715 901 2768 amatorea
942 2706 1040 2768 Nulla

154 2779 374 2844 Lacedaemoni
399 2785 493 2846 vidua
519 2795 583 2845 tam
607 2795 652 2846 ast
675 2787 793 2859 nobilio,
815 2807 892 2865 quae
915 2806 976 2846 uon
1000 2787 1040 2846 nd

154 2883 276 2924 coenam
290 2874 340 2924 eat
353 2865 490 2926 mercede
504 2866 661 2926 conducta.
703 2868 730 2926 5.
752 2866 874 2945 Magnis
892 2866 925 2925 in
944 2865 1040 2925 laudi·

154 2941 207 3004 bus
221 2954 286 3005 tota
300 2945 362 3005 fere
377 2945 436 3004 fuit
449 2945 579 3006 Graecia
592 2946 737 3007 victorem
752 2946 914 3025 Olympiae
933 2945 1039 3019 citari;
1053 2947 1093 3008 20

153 3023 183 3083 in
203 3044 325 3085 scenam
346 3045 417 3086 vero
438 3026 559 3104 prodire
582 3045 618 3085 ac
642 3026 755 3104 populo
776 3047 838 3085 esse
858 3025 1039 3104 spectaculo,

151 3105 264 3163 nemini
285 3105 317 3163 in
338 3105 449 3164 eisdem
469 3105 609 3183 gentibus
634 3106 693 3164 t'uit
716 3105 907 3184 turpitudini.
950 3103 1039 3180 Quae

151 3185 252 3244 omnia
279 3184 362 3262 apud
390 3205 443 3244 nos
470 3185 582 3262 partim
609 3184 745 3256 infamia,
769 3184 881 3262 partim
909 3183 1039 3242 humilia

152 3273 240 3342 atque
254 3263 294 3323 ab
309 3264 465 3322 honestate
484 3273 599 3322 remota
612 3272 777 3338 ponuntur.
818 3263 846 3317 6.
867 3261 982 3318 Contra
1002 3280 1039 3316 ea

151 3343 295 3422 pleraque
305 3343 414 3400 nostris
424 3341 559 3402 moribus
573 3348 644 3397 sunt
654 3339 772 3406 decora,
783 3355 860 3410 quae
874 3334 957 3407 apud
970 3333 1039 3388 illos
1054 3330 1093 3386 25

151 3423 253 3500 turpia
276 3429 433 3500 putantur.
455 3419 578 3494 ,Quem
605 3415 686 3474 enim
713 3413 922 3470 Romanorum
945 3405 1041 3477 pudet

152 3519 277 3562 uxorem
297 3500 407 3558 ducere
420 3499 453 3556 in
468 3492 663 3556 convivium?
683 3497 738 3547 aut
757 3487 843 3560 cujus
862 3499 924 3596 mii
943 3486 1042 3532 mate-r
1127 3510 1134 3517 -
