2475 3792
63 289 66 295 .
140 231 179 296 16
418 249 629 298 oonnnnu
659 252 851 301 neroum.

191 404 394 473 timesaobant.
436 407 600 482 Miltiades,
614 409 747 469 multum
765 410 797 469 in
816 410 950 499 imperiis
968 413 1077 493 magis·

161 561 164 568 ἦ
191 477 379 566 tratidr'rsque
398 496 542 571 versatus,
563 509 625 548 non
645 489 806 550 videbatur
826 511 910 568 posse
934 513 996 552 esse
1016 494 1077 570 pri·

190 561 477 646 vatuanraesertim
492 589 560 628 oum
576 569 790 648 consuetudine
807 570 847 629 ad
862 572 980 650 imperii
994 572 1077 650 eupi-

164 699 168 705 ,
191 645 316 728 ditatam
331 647 412 706 trahi
425 648 587 709 videretur.
630 648 712 708 Nam
729 649 761 707 in
776 649 958 711 Chersoneso
973 672 1079 716 ornnes,

157 726 259 786 liillos
286 747 360 805 quos
388 727 542 788 habitarat
569 749 664 788 annos
691 739 869 806 perpetuam
902 731 1077 795 obtinuerat

191 807 426 866 dominationem
453 816 660 887 tyrannusque
687 809 787 868 tuerat
814 810 995 890 appellatus,
1023 811 1077 870 sed

191 887 299 965 justus.
341 887 412 948 Non
433 889 597 948 eratenim
619 888 651 949 vi
675 898 859 961 eonseoutuS,
879 879 934 950 sed
952 911 1076 950 suorum

190 967 356 1039 voluntate,
384 988 509 1046 eamque
576 977 715 1028 testatem
749 969 884 1048 boni-tate
917 970 1076 1030 retinebat.

190 1045 302 1106 Omnes
323 1056 424 1107 autem
445 1057 474 1108 et
494 1049 535 1109 ha
556 1057 645 1122 entur
665 1057 695 1109 et
714 1048 858 1109 dicuntur
876 1051 1008 1130 tyranni,
1023 1052 1077 1129 qui

136 1125 176 1188 10
190 1135 336 1206 potestate
349 1137 419 1188 sunt
433 1138 579 1207 perpetua
593 1130 626 1187 in
639 1149 675 1189 ea
689 1129 821 1201 civitate,
836 1150 914 1208 quae
935 1130 1077 1193 libertate

190 1227 244 1267 usa
264 1216 317 1269 eet.
357 1207 416 1268 Sed
436 1209 468 1268 in
491 1208 631 1268 Miltiade
644 1217 710 1268 erat
723 1230 793 1269 oum
806 1230 925 1270 summa
938 1210 1078 1283 hnmani-

190 1295 245 1361 tasi,
270 1295 337 1348 tum
359 1289 437 1364 mira
461 1289 670 1364 comm-unitas,
694 1298 730 1350 ut
750 1309 838 1349 nemo
863 1298 927 1350 tam
951 1291 1077 1350 humilis

189 1377 273 1440 esset,
288 1368 337 1428 oui
352 1387 411 1427 non
426 1369 548 1428 adeum
569 1368 670 1429 aditus
679 1379 822 1449 ,pat-eren
842 1390 955 1449 magna
975 1380 1077 1454 aufto

190 1448 263 1526 ritas
287 1448 369 1526 apud
394 1469 495 1508 omnes
519 1449 665 1521 civitates,
686 1449 787 1509 nobile
807 1470 925 1521 nornen,
944 1449 1012 1527 laus
1032 1451 1078 1510 rei

136 1527 176 1588 15
190 1529 330 1588 militaris
351 1528 493 1588 maxima.
535 1528 622 1589 Haeo
636 1529 766 1609 populns
787 1529 948 1608 respiciens
965 1529 1078 1612 maluit

190 1598 432 1669 euminnoxium
446 1608 547 1688 plecti,
559 1629 651 1688 quam
664 1630 695 1670 se
709 1609 824 1703 diutius
837 1629 899 1671 esse
912 1609 945 1668 in
958 1609 1076 1672 timore.

451 1851 821 1861 ---—-.——

352 2038 410 2110 ΙΙ.
442 2037 901 2112 THEMISTOCLES.

527 2219 741 2261 ἥκω-

606 2264 665 2329 Μ

229 2334 254 2396 Ι.
276 2335 533 2408 ΤΗΕΜΙεΤοοιΕε,
544 2273 652 2394 Neqooli
663 2334 752 2407 filius,
763 2332 966 2396 Atheniensis
1007 2335 1076 2396 Hu-

190 2417 241 2496 jus
261 2417 337 2478 vitia
358 2416 489 2477 ineuntis
509 2416 646 2475 adolesoe
668 2415 729 2474 tiae
749 2433 819 2494 mag
843 2417 849 2428 '
886 2425 957 2476 sunt
977 2437 1076 2476 emen·

188 2498 261 2556 data
272 2496 444 2568 virtutibus
456 2496 530 2556 adeo
545 2503 579 2554 ut
592 2475 632 2554 dh
647 2477 778 2554 *litatur
792 2495 812 2554 h
876 2516 973 2569 nemo,
984 2496 1076 2574 pauoi

135 2578 175 2640 20
188 2589 275 2656 pares
286 2586 439 2654 putentur.
481 2575 539 2636 Sed
551 2575 589 2634 ab
601 2575 688 2634 initio
698 2583 742 2634 est
753 2574 940 2634 ordiendum.
982 2575 1076 2635 Pater

188 2659 252 2736 ejus
276 2655 403 2716 Neocles
426 2675 585 2734 generosus
609 2655 677 2715 fuit.
719 2653 750 2712 is
771 2676 896 2714 uxorem
918 2655 1076 2715 Acharna·

94 2765 96 2770 ’
189 2757 268 2838 narn³
286 2737 382 2796 civem
407 2735 505 2807 duxit,
530 2756 568 2795 ex
592 2756 653 2813 qua
677 2744 767 2795 natus
810 2745 831 2794 *t
851 2734 1074 2797 Themistocles.

217 2797 255 2876 lii'
274 2837 343 2876 oum
367 2878 378 2890 ,
396 2817 463 2875 inus
485 2825 559 2876 esset
579 2815 724 2893 probatus
746 2756 930 2892 passdtibus,
944 2815 1026 2894 quod
1043 2824 1076 2875 et

189 2897 313 2956 liberius
324 2837 447 2957 nilida
458 2904 487 2954 et
498 2916 561 2954 rem
572 2895 753 2954 familiarem
764 2894 944 2972 negligebat,
955 2915 974 2954 a
988 2904 1076 2973 patre

136 2979 175 3038 25
190 2976 389 3036 exheredatus
403 2985 455 3035 ost.
498 2975 586 3051 Quae
603 2974 788 3033 contumelia
808 2995 867 3033 non
889 2975 979 3053 fregit
995 2995 1075 3048 eum,

185 3057 240 3116 sed
256 3057 360 3116 erexit.
402 3055 483 3114 Nam
499 3075 567 3114 eum
577 3055 750 3132 judioasset,
764 3054 828 3112 sine
842 3075 960 3113 summa
975 3054 1075 3113 indus·

190 3138 250 3196 tria
270 3156 329 3195 non
351 3156 435 3214 posse
455 3155 522 3196 eam
543 3135 705 3212 exstingui,
726 3143 823 3194 toturn
843 3155 874 3194 se
894 3134 1010 3194 dedidit
1031 3135 1075 3193 rei

190 3216 339 3296 publicae,
350 3215 524 3293 diligentius
533 3214 638 3274 amieis
647 3216 804 3290 ternaeque
812 3214 952 3274 serviens.
993 3213 1075 3273 Mul·-

190 3306 255 3356 tum
270 3297 302 3354 in
318 3295 441 3374 judiciis
455 3294 582 3372 privatis
595 3293 790 3364 versabatur,
811 3313 900 3371 saepe
913 3293 946 3352 in
960 3295 1075 3353 coneio·

138 3377 177 3438 30
191 3397 258 3435 nem
275 3374 378 3454 populi
393 3373 549 3452 prodibat;
571 3373 658 3431 nulla
679 3391 724 3430 ros
747 3373 842 3449 major
861 3373 925 3431 sine
943 3394 977 3432 eo
994 3395 1076 3449 gere-

192 3457 295 3528 batur3
317 3454 461 3526 celeriter,
476 3472 553 3533 quae
574 3472 649 3532 opus
669 3461 764 3524 erant,
779 3452 963 3532 reperiebat3
985 3453 1075 3514 laoile
