2475 3792
200 247 264 310 110
480 261 694 309 coenatu
725 261 918 308 uneo‘rrs.

251 415 341 476 rebus
365 415 520 489 Romanis,
542 415 719 494 remigravit
743 417 883 489 Romam,
905 425 941 476 ut
963 416 1075 494 opinor,
1097 419 1134 479 L

251 495 342 556 Cotta
365 505 396 556 et
422 495 458 555 L.
483 494 544 555 Tor
564 509 636 555 uato
661 496 850 567 consulibus;
879 517 968 575 quem
992 496 1069 556 diem
1093 499 1136 558 sic

251 577 393 637 universa
413 575 519 636 civitas
572 575 772 635 thenieusium
794 584 953 653 prosecuta
972 585 1021 648 est,
1040 586 1074 637 ut
1093 576 1135 636 la·

251 655 353 715 crimis
366 655 504 714 desiderii
519 655 616 714 futuri
631 654 765 714 dolorem
783 655 939 714 indicaret

217 739 237 799 5
292 734 332 796 V.
360 734 505 795 Habebat
531 734 719 795 avunculum
747 734 786 810 Q.
808 733 984 806 Caecilium,
1007 736 1136 815 equitem

251 814 434 886 Romanum,
461 814 643 874 familiarem
675 813 711 874 L
739 813 873 886 Luculli,
901 815 1035 887 divitem,
1064 816 1139 874 diffi-

250 895 366 954 cillima
385 903 512 966 natura;
533 895 619 973 cujus
632 893 675 954 sic
688 894 881 972 asperitatem
896 895 1009 954 veritus
1028 904 1083 968 est,
1097 906 1140 967 ut,

250 992 340 1054 quem
362 994 452 1035 nemo
475 975 554 1034 ferre
576 983 684 1053 posset,
708 974 799 1053 hujus
821 974 886 1034 sine
910 975 1073 1036 offensione
1101 976 1140 1034 ad

201 1094 205 1100 -
249 1075 398 1116 summam
411 1063 594 1114 senectutem
608 1053 768 1114 retinuerit
777 1053 1028 1115 benevolentiam.
1072 1055 1141 1132 Quo

197 1141 237 1204 10
250 1135 331 1196 facto
343 1134 417 1195 tulit
430 1134 551 1215 pietatis
564 1134 707 1194 fructum.
748 1133 897 1195 Caecilius
911 1135 990 1194 enim
1011 1136 1142 1196 moriens

250 1224 428 1277 testamento
441 1214 600 1294 adoptavit
622 1234 700 1287 eum,
715 1213 915 1294 heredemque
936 1215 1009 1276 fecit
1030 1237 1072 1276 ex
1094 1216 1143 1275 de

249 1296 373 1357 drante:
401 1316 441 1355 ex
486 1315 526 1357 ua
552 1295 720 1355 hereditate
745 1295 862 1374 accepit
885 1295 1007 1355 circiter
1031 1298 1143 1356 centies

248 1376 426 1438 sestertium.
531 1385 545 1436 t
564 1383 662 1454 nupta
679 1395 762 1436 soror
775 1375 873 1436 Attici
888 1375 927 1451 Q.
942 1374 1046 1436 Tullio
1062 1375 1143 1437 (lice-

250 1456 333 1530 roni;
353 1477 463 1534 easque
476 1456 598 1535 nuptias
615 1455 659 1514 M.
674 1455 779 1516 Cicero
793 1456 980 1527 conciliarat,
996 1476 1069 1516 cum
1083 1477 1141 1535 quo

198 1542 236 1604 15
250 1556 270 1598 a
283 1536 523 1615 condiscipulatu
538 1535 662 1597 vivebat
676 1535 925 1615 conjunctissime,
934 1537 1033 1597 multo
1048 1538 1141 1598 etiam

250 1617 430 1678 familiarius
441 1637 532 1696 quam
547 1635 617 1676 eum
629 1616 754 1692 Quinto,
767 1626 801 1677 ut
809 1615 943 1695 judicari
958 1617 1062 1695 possit,
1073 1617 1140 1696 plus

250 1698 281 1758 in
296 1697 432 1757 amicitia
445 1696 547 1758 valere
560 1696 790 1757 similitudinem
804 1716 923 1757 morum
938 1717 1031 1776 quam
1045 1698 1140 1756 affini-
1223 1729 1224 1746 r

250 1787 352 1839 tatem.
393 1776 547 1838 Utcbatur
570 1786 672 1837 autem
697 1777 802 1837 intime
827 1776 865 1852 Q.
889 1775 1066 1850 Hortensio,
1088 1778 1138 1857 qui

249 1858 297 1918 his
317 1857 502 1938 temporibus
523 1857 726 1937 principatum
749 1857 937 1936 eloquentiae
958 1857 1091 1932 tenebat,
1105 1868 1137 1918 ut

196 1943 236 2007 20
250 1939 380 2018 intelligi
393 1959 454 1998 non
477 1948 583 2018 posset,
598 1947 666 1998 uter
687 1957 756 1997 eum
779 1937 848 2016 plus
870 1936 1019 2016 diligeret,
1034 1937 1136 1998 Cicero

250 2041 290 2082 an
307 2019 505 2080 Hortensius:
526 2028 557 2079 et
569 2018 611 2091 id,
626 2017 706 2097 quod
727 2027 792 2078 crat
812 2017 1036 2090 difficillimum,
1049 2017 1136 2078 effici·
1222 2017 1223 2026 ’

249 2100 328 2174 ebat,
350 2109 394 2175 ut,
417 2099 497 2160 inter
520 2119 593 2179 quos
617 2107 720 2158 tantae
743 2097 843 2158 laudis
866 2106 942 2158 esset
964 2098 1133 2171 aemulati0,

249 2181 337 2241 nulla
357 2178 555 2242 intercederet
574 2178 762 2253 obtrectatio,
783 2187 916 2258 essetque
936 2177 1045 2238 talium
1058 2178 1134 2238 viro·

287 2282 316 2320 m
388 2261 420 2321 ul

196 2345 235 2407 25
249 2281 406 2403 ruVlooln
421 2282 454 2402 ae
467 2340 590 2421 publica
604 2340 648 2400 ita
661 2348 705 2400 est
718 2347 862 2412 versatus,
877 2347 912 2398 ut
925 2359 1041 2420 semper
1059 2339 1131 2417 opti·

249 2443 367 2482 marum
382 2422 516 2501 partium
536 2430 567 2482 et
585 2429 662 2481 esset
681 2429 712 2481 et
731 2420 962 2491 existimaretur,
977 2439 1071 2498 neque
1090 2429 1131 2478 ta-

249 2523 318 2562 men
341 2523 373 2563 se
397 2501 537 2563 civilibus
565 2500 707 2562 fluctibus
735 2499 943 2572 committeret,
966 2499 1044 2578 quod
1070 2520 1128 2559 non

249 2583 345 2662 magis
366 2604 416 2644 eos
437 2582 468 2641 in
491 2602 547 2642 sua
568 2589 716 2661 potestate
733 2579 927 2640 existimabat
948 2600 1017 2652 esse,
1031 2579 1080 2659 qui
1098 2600 1127 2639 se

249 2664 296 2723 his
310 2663 468 2735 dedissent,
482 2683 574 2742 quam
588 2662 642 2741 qui
659 2659 818 2721 maritimis
834 2661 1029 2739 jactarentur.
1067 2658 1126 2720 He

195 2745 235 2807 30
249 2764 336 2803 nores
349 2763 408 2804 non
423 2743 520 2822 petiit,
532 2763 602 2802 cum
615 2741 644 2801 ei
658 2749 796 2819 paterent
810 2749 932 2821 propter
944 2739 991 2802 vel
1005 2740 1123 2818 gratiam

249 2823 298 2886 vel
313 2823 511 2902 dignitatem
532 2822 613 2902 quod
628 2840 726 2899 neque
740 2820 802 2900 peti
817 2841 898 2881 more
918 2821 1060 2899 majorum
1079 2841 1124 2880 ne

249 2924 308 2982 que
329 2904 396 2983 capi
418 2913 538 2983 possent
561 2900 744 2963 conservatis
767 2899 884 2980 legibus
908 2901 940 2960 in
963 2910 1025 2960 tam
1046 2899 1123 2960 effusi

248 2982 381 3044 ambitus
400 2982 621 3061 largitionibus,
638 3001 736 3059 neque
756 2982 820 3060 geri
841 3002 858 3042 e
878 3001 910 3041 re
929 2979 1048 3060 publica
1065 2981 1122 3040 sine

248 3063 392 3141 periculo,
416 3064 565 3141 corruptis
592 3060 726 3122 civitatis
754 3061 895 3122 moribus.
937 3061 988 3120 Ad
1017 3060 1120 3120 hastam

193 3142 234 3202 35
247 3141 401 3218 publicam
429 3161 596 3218 numquam
627 3140 759 3200 accessit.
811 3140 936 3201 Nullius
967 3141 1010 3201 rei
1037 3161 1120 3220 neque

246 3239 334 3295 praes
356 3240 453 3296 neque
474 3240 615 3298 manceps
638 3219 737 3279 sactus
761 3229 812 3280 est.
855 3221 1016 3282 Neminem
1037 3241 1119 3300 neque

245 3315 299 3354 suo
319 3298 440 3356 nomine
460 3318 556 3375 neque
575 3297 765 3358 subscribens
785 3303 959 3372 accusavit;
980 3301 1069 3382 injus
1087 3302 1119 3362 de

245 3392 300 3430 sua
310 3394 342 3432 re
352 3395 519 3452 numquam
533 3377 569 3436 iit
579 3399 586 3448 ;
596 3377 748 3456 judicium
762 3380 883 3440 nullum
899 3381 1016 3444 habuit
1051 3381 1118 3442 Mul-

244 3457 344 3511 torum
365 3453 521 3512 consulum
541 3465 776 3535 praetorumque
796 3459 1002 3538 praefecturas
1022 3462 1118 3525 delatas
1166 3529 1169 3534 ,
