2475 3792
474 216 718 264 flammeas.
1050 199 1093 266 95

141 363 227 426 funus
239 364 330 442 vidit,
348 389 426 430 cum
448 393 487 431 ex
507 372 605 432 tribus
626 372 772 432 uxoribus
792 372 902 434 liberos
923 392 1039 451 procre-

139 453 222 519 asset,
235 449 393 528 multique
408 452 439 511 ei
453 452 517 512 nati
531 461 628 512 essent
643 462 772 531 nepotes.

175 525 235 586 IIL
264 527 416 590 Fuerunt
441 542 596 610 praetcrea
624 533 727 610 magni
755 553 838 612 reges
866 553 906 592 ex
933 533 1038 594 amicis

136 602 309 666 Alexandri
324 609 451 691 Magni,
465 613 518 690 qui
539 620 607 691 post
629 611 745 672 obitum
768 615 831 692 ejus
852 612 980 692 imperia
993 634 1037 674 ce·

135 695 261 762 perunt;
283 688 317 749 in
332 689 385 750 his
400 691 586 770 Antigonus,
600 701 631 752 et
651 691 740 771 hujus
760 692 841 754 filius
855 693 1036 767 Demetrius,
1071 691 1090 750 5

135 763 350 843 Lysimachus
365 770 738 845 Seleucus-Ptolemaeus.
779 772 831 832 Ex
849 773 896 833 his
911 773 1038 853 Antigo-

134 863 188 904 nus
208 845 242 904 in
264 850 401 926 proelio,
416 872 485 912 cum
506 853 652 912 adversus
672 851 830 914 Seleucum
851 863 881 913 et
902 853 1037 934 Lysima-

134 925 223 984 chum
245 928 427 1004 dimicaret,
442 932 555 992 occisus
577 942 630 992 est.
673 931 744 992 Pari
767 933 827 994 leto
849 933 973 994 affectus
993 942 1038 994 est

134 1003 341 1083 Lysimachus
371 1011 415 1071 ab
438 1011 572 1072 Seleuco.
612 1011 763 1093 Namque,
784 1013 924 1074 societate
948 1014 1037 1075 disso-

133 1082 206 1158 luta,
222 1086 346 1150 bellum
362 1092 445 1152 inter
457 1113 488 1152 se
501 1100 665 1172 gesserunt.
706 1092 751 1153 At
772 1093 953 1168 Demetrius,
967 1115 1036 1155 cum
1053 1091 1091 1152 10

133 1163 227 1250 filiam
241 1189 336 1230 suam
351 1171 480 1232 Seleuco
494 1173 526 1231 in
541 1172 768 1233 matrimonium
789 1174 926 1248 dedisset,
940 1195 1037 1254 neque

134 1263 167 1304 eo
190 1250 291 1328 magis
313 1252 382 1313 fida
406 1253 558 1313 intereos
581 1253 716 1314 amicitia
739 1273 861 1314 manere
885 1256 1037 1334 potuisset,

134 1336 240 1405 captus
256 1329 353 1406 bello,
368 1333 404 1391 in
424 1333 560 1393 custodia
575 1353 659 1393 socer
672 1334 773 1412 generi
787 1334 877 1413 periit
890 1354 909 1393 a
923 1335 1036 1396 morbo,

134 1403 242 1485 Neque
255 1410 304 1470 ita
318 1413 422 1473 multo
436 1420 503 1491 post
522 1413 665 1473 Seleucus
679 1434 697 1473 a
711 1413 884 1474 Ptolemaeo
899 1413 1036 1476 Cerauno
1174 1473 1177 1482 .

135 1484 204 1547 dolo
217 1488 405 1553 interfectus
418 1502 471 1566 est,
481 1514 571 1573 quem
582 1493 636 1552 ille
646 1513 665 1553 a
675 1502 761 1573 patre
771 1494 932 1572 expulsum
942 1495 1037 1555 Alex·
1052 1492 1089 1552 15

135 1567 259 1643 andrea,
270 1571 447 1633 alienarum
461 1593 554 1652 opum
568 1573 762 1652 indigentem,
772 1584 933 1654 receperat.
968 1574 985 1633 I
1006 1597 1037 1636 se

138 1656 239 1709 autem
254 1651 464 1725 Ptolemaeus,
478 1673 547 1713 cum
562 1654 652 1715 vivus
672 1654 736 1715 filio
756 1675 883 1733 regnum
898 1596 1037 1716 tradidis-

137 1736 189 1801 set,
203 1729 245 1791 ab
266 1731 327 1794 illo
348 1733 453 1794 eodem
467 1733 532 1794 vita
552 1734 690 1812 privatus
704 1735 823 1795 dicitur.
865 1734 913 1794 De
927 1735 1036 1814 quibus

36 1869 38 1874 .
139 1810 286 1886 quoniam
311 1814 388 1874 satis
410 1813 527 1874 dictum
573 1824 703 1888 utamus,
727 1834 788 1875 non
812 1815 1035 1876 incommodum

141 1889 263 1952 videtur
277 1914 344 1954 non
358 1894 521 1973 praeterire
570 1894 746 1955 amilcarem
766 1903 797 1956 et
817 1894 1035 1969 Hannibalem,
1050 1890 1089 1952 20

89 2036 92 2040 ,
141 1988 214 2046 quos
234 1981 267 2034 et
289 1974 389 2034 animi
407 1974 617 2053 magnitudine
639 1984 669 2035 et
692 1975 859 2036 calliditate
880 1995 983 2036 omnes
1003 1975 1036 2036 in

144 2047 251 2114 Africa
265 2063 357 2116 natos
370 2054 553 2134 praestitisse
566 2064 691 2116 constat.

446 2287 729 2302 m-

309 2431 483 2539 xxii.
522 2467 847 2541 ernincia.

483 2629 698 2670 —oossoeoo—

181 2765 206 2829 l.
227 2767 428 2840 Hammsn,
446 2767 632 2828 Hannibalis
652 2768 742 2842 filius,
763 2770 938 2908 cognomine
959 2770 1033 2832 Bar·

41 2896 44 2905 ,
145 2863 199 2921 aas,
211 2847 477 2926 Carthaginienses
495 2849 593 2927 primo
607 2848 738 2909 Poenico
753 2849 801 2909 bel
815 2871 841 2923 o,
855 2851 906 2910 sed
920 2861 1032 2931 tempo

144 2927 224 2988 ribus
245 2927 402 2999 extremis
423 2928 586 2988 admodum
611 2928 852 2989 adolescentulus
873 2931 906 2989 in
928 2931 1031 2992 Sicilia
1046 2932 1085 2992 25

143 3025 278 3084 praeesse
292 3008 392 3086 coepit
405 3007 559 3068 exercitui.
601 3008 679 3068 Cum
702 3019 772 3068 ante
785 3011 848 3089 ejus
866 3011 1031 3071 adventum

143 3097 170 3148 et
191 3089 271 3148 mari
294 3097 326 3147 et
349 3097 429 3147 terra
450 3087 530 3147 male
551 3109 599 3148 res
615 3098 792 3167 gererentur
805 3091 1032 3168 Carthaginien·

141 3168 319 3246 sium,.ipse,
334 3167 386 3225 ubi
407 3167 504 3239 affuit,
525 3188 693 3246 numquam
716 3168 793 3227 hosti
817 3169 912 3239 cessit,
935 3189 1032 3247 neque
1118 3195 1122 3202 ·

142 3246 241 3309 locum
264 3247 393 3309 nocendi
407 3246 499 3318 dedit,
513 3267 661 3325 saepeque
675 3267 691 3303 e
705 3247 864 3315 contrario,
879 3247 1032 3304 occasione

143 3328 221 3402 data,
243 3326 397 3387 lacessivit
420 3345 596 3405 semperque
619 3323 756 3400 superior
780 3323 920 3380 discessit.
962 3323 1032 3393 Quo
1046 3321 1085 3378 30
1201 3335 1202 3338 ’

143 3408 316 3481 saetacum
337 3425 433 3484 paene
447 3407 549 3466 omnia
569 3404 602 3462 in
623 3401 729 3462 Sicilia
750 3399 844 3458 Poeni
858 3397 1033 3464 amisissent,
1082 3445 1083 3452 ,
