<?xml version="1.0" encoding="UTF-8"?>
<!DOCTYPE html PUBLIC "-//W3C//DTD XHTML 1.0 Transitional//EN"
    "http://www.w3.org/TR/xhtml1/DTD/xhtml1-transitional.dtd">
<html xmlns="http://www.w3.org/1999/xhtml" xml:lang="en" lang="en">
 <head>
  <title>
</title>
<meta http-equiv="Content-Type" content="text/html;charset=utf-8" />
  <meta name='ocr-system' content='tesseract 3.04.00' />
  <meta name='ocr-capabilities' content='ocr_page ocr_carea ocr_par ocr_line ocrx_word'/>
</head>
<body>
  <div class='ocr_page' id='page_1' title='image "./corneliinepotis27nepogoog_0026.png"; bbox 0 0 2475 3792; ppageno 0'>
   <div class='ocr_carea' id='block_1_1' title="bbox 422 269 1088 333">
    <p class='ocr_par' dir='ltr' id='par_1_1' title="bbox 422 269 1088 333">
     <span class='ocr_line' id='line_1_1' title="bbox 422 269 1088 333; baseline -0.023 -1"><span class='ocrx_word' id='word_1_1' title='bbox 422 286 766 333; x_wconf 78' lang='lat' dir='ltr'><strong>ussursroonns.</strong></span> <span class='ocrx_word' id='word_1_2' title='bbox 1048 269 1088 332; x_wconf 84' lang='lat'><strong>21</strong></span> 
     </span>
    </p>
   </div>
   <div class='ocr_carea' id='block_1_2' title="bbox 134 443 1128 3493">
    <p class='ocr_par' dir='ltr' id='par_1_2' title="bbox 134 443 1128 3493">
     <span class='ocr_line' id='line_1_2' title="bbox 137 443 1035 523; baseline 0 -19"><span class='ocrx_word' id='word_1_3' title='bbox 137 443 235 523; x_wconf 85' lang='lat' dir='ltr'><strong>Argos</strong></span> <span class='ocrx_word' id='word_1_4' title='bbox 245 443 428 505; x_wconf 89' lang='lat' dir='ltr'><strong>habitatum</strong></span> <span class='ocrx_word' id='word_1_5' title='bbox 439 443 592 504; x_wconf 89' lang='lat' dir='ltr'><strong>concessit.</strong></span> <span class='ocrx_word' id='word_1_6' title='bbox 634 443 697 504; x_wconf 87' lang='lat' dir='ltr'><strong>Hic</strong></span> <span class='ocrx_word' id='word_1_7' title='bbox 708 463 779 504; x_wconf 91' lang='lat' dir='ltr'><strong>cum</strong></span> <span class='ocrx_word' id='word_1_8' title='bbox 789 452 912 523; x_wconf 88' lang='lat' dir='ltr'><strong>propter</strong></span> <span class='ocrx_word' id='word_1_9' title='bbox 922 443 1035 504; x_wconf 87' lang='lat' dir='ltr'><strong>multas</strong></span> 
     </span>
     <span class='ocr_line' id='line_1_3' title="bbox 138 523 1035 603; baseline 0 -19"><span class='ocrx_word' id='word_1_10' title='bbox 138 526 199 603; x_wconf 86' lang='lat' dir='ltr'><strong>ejus</strong></span> <span class='ocrx_word' id='word_1_11' title='bbox 212 525 347 587; x_wconf 86' lang='lat' dir='ltr'><strong>virtutes</strong></span> <span class='ocrx_word' id='word_1_12' title='bbox 368 544 482 603; x_wconf 88' lang='lat' dir='ltr'><strong>magna</strong></span> <span class='ocrx_word' id='word_1_13' title='bbox 496 545 567 584; x_wconf 89' lang='lat' dir='ltr'><strong>cum</strong></span> <span class='ocrx_word' id='word_1_14' title='bbox 581 523 731 602; x_wconf 81' lang='lat' dir='ltr'>dignitate</span> <span class='ocrx_word' id='word_1_15' title='bbox 744 524 870 598; x_wconf 85' lang='lat' dir='ltr'><strong>viveret,</strong></span> <span class='ocrx_word' id='word_1_16' title='bbox 884 524 1035 584; x_wconf 79' lang='lat' dir='ltr'><strong>lacedae-</strong></span> 
     </span>
     <span class='ocr_line' id='line_1_4' title="bbox 138 603 1035 684; baseline -0.001 -21"><span class='ocrx_word' id='word_1_17' title='bbox 138 605 231 664; x_wconf 88' lang='lat' dir='ltr'><strong>monii</strong></span> <span class='ocrx_word' id='word_1_18' title='bbox 252 605 372 684; x_wconf 88' lang='lat' dir='ltr'><strong>legatos</strong></span> <span class='ocrx_word' id='word_1_19' title='bbox 387 603 526 664; x_wconf 78' lang='lat' dir='ltr'><strong>Athenas</strong></span> <span class='ocrx_word' id='word_1_20' title='bbox 546 604 703 677; x_wconf 89' lang='lat' dir='ltr'><strong>miserunt,</strong></span> <span class='ocrx_word' id='word_1_21' title='bbox 717 604 770 683; x_wconf 90' lang='lat' dir='ltr'><strong>qui</strong></span> <span class='ocrx_word' id='word_1_22' title='bbox 791 624 860 664; x_wconf 92' lang='lat' dir='ltr'><strong>eum</strong></span> <span class='ocrx_word' id='word_1_23' title='bbox 880 603 1035 664; x_wconf 80' lang='lat' dir='ltr'><strong>absentem</strong></span> 
     </span>
     <span class='ocr_line' id='line_1_5' title="bbox 139 683 1034 763; baseline 0 -19"><span class='ocrx_word' id='word_1_24' title='bbox 139 693 327 758; x_wconf 77' lang='lat' dir='ltr'><strong>accusarent,</strong></span> <span class='ocrx_word' id='word_1_25' title='bbox 342 685 426 763; x_wconf 91' lang='lat' dir='ltr'><strong>quod</strong></span> <span class='ocrx_word' id='word_1_26' title='bbox 446 685 620 744; x_wconf 87' lang='lat' dir='ltr'><strong>societatem</strong></span> <span class='ocrx_word' id='word_1_27' title='bbox 637 704 708 743; x_wconf 91' lang='lat' dir='ltr'><strong>cum</strong></span> <span class='ocrx_word' id='word_1_28' title='bbox 726 704 759 742; x_wconf 89' lang='lat' dir='ltr'><strong>re</strong></span> <span class='ocrx_word' id='word_1_29' title='bbox 779 705 796 744; x_wconf 90' lang='lat' dir='ltr'><strong>e</strong></span> <span class='ocrx_word' id='word_1_30' title='bbox 814 684 976 744; x_wconf 85' lang='lat' dir='ltr'><strong>Persarum</strong></span> <span class='ocrx_word' id='word_1_31' title='bbox 994 683 1034 743; x_wconf 86' lang='lat' dir='ltr'><strong>ad</strong></span> 
     </span>
     <span class='ocr_line' id='line_1_6' title="bbox 139 763 1088 844; baseline 0 -20"><span class='ocrx_word' id='word_1_32' title='bbox 139 763 303 844; x_wconf 79' lang='lat' dir='ltr'><strong>Graeciam</strong></span> <span class='ocrx_word' id='word_1_33' title='bbox 324 764 558 843; x_wconf 80' lang='lat' dir='ltr'><strong>opprimendam</strong></span> <span class='ocrx_word' id='word_1_34' title='bbox 578 764 703 824; x_wconf 84' lang='lat' dir='ltr'><strong>fecisset</strong></span> <span class='ocrx_word' id='word_1_35' title='bbox 724 765 731 822; x_wconf 92' lang='lat' dir='ltr'><strong>l</strong></span> <span class='ocrx_word' id='word_1_36' title='bbox 780 784 815 824; x_wconf 92' lang='lat' dir='ltr'><strong>oc</strong></span> <span class='ocrx_word' id='word_1_37' title='bbox 836 765 962 824; x_wconf 86' lang='lat' dir='ltr'><strong>crimine</strong></span> <span class='ocrx_word' id='word_1_38' title='bbox 983 763 1034 824; x_wconf 84' lang='lat' dir='ltr'><strong>ab</strong></span> <span class='ocrx_word' id='word_1_39' title='bbox 1068 764 1088 824; x_wconf 81' lang='grc' dir='ltr'>δ</span> 
     </span>
     <span class='ocr_line' id='line_1_7' title="bbox 139 843 1057 924; baseline 0 -20"><span class='ocrx_word' id='word_1_40' title='bbox 139 863 204 904; x_wconf 88' lang='lat' dir='ltr'><strong>sens</strong></span> <span class='ocrx_word' id='word_1_41' title='bbox 222 844 409 924; x_wconf 80' lang='lat' dir='ltr'><strong>proditionis</strong></span> <span class='ocrx_word' id='word_1_42' title='bbox 430 844 593 904; x_wconf 88' lang='lat' dir='ltr'><strong>damnatus</strong></span> <span class='ocrx_word' id='word_1_43' title='bbox 613 853 686 904; x_wconf 82' lang='lat' dir='ltr'><strong>estl</strong></span> <span class='ocrx_word' id='word_1_44' title='bbox 708 843 747 903; x_wconf 92' lang='lat' dir='ltr'><strong>Id</strong></span> <span class='ocrx_word' id='word_1_45' title='bbox 761 854 796 904; x_wconf 87' lang='lat' dir='ltr'><strong>ut</strong></span> <span class='ocrx_word' id='word_1_46' title='bbox 809 844 937 917; x_wconf 86' lang='lat' dir='ltr'><strong>audivit,</strong></span> <span class='ocrx_word' id='word_1_47' title='bbox 952 844 1057 923; x_wconf 75' lang='lat' dir='ltr'><strong>quod‘</strong></span> 
     </span>
     <span class='ocr_line' id='line_1_8' title="bbox 138 919 1034 1004; baseline -0.003 -20"><span class='ocrx_word' id='word_1_48' title='bbox 138 945 199 985; x_wconf 88' lang='lat' dir='ltr'><strong>non</strong></span> <span class='ocrx_word' id='word_1_49' title='bbox 219 926 296 986; x_wconf 89' lang='lat' dir='ltr'><strong>satis</strong></span> <span class='ocrx_word' id='word_1_50' title='bbox 316 934 420 985; x_wconf 88' lang='lat' dir='ltr'><strong>tutum</strong></span> <span class='ocrx_word' id='word_1_51' title='bbox 441 945 472 983; x_wconf 89' lang='lat' dir='ltr'><strong>se</strong></span> <span class='ocrx_word' id='word_1_52' title='bbox 493 919 585 1003; x_wconf 80' lang='lat' dir='ltr'><strong>Argis</strong></span> <span class='ocrx_word' id='word_1_53' title='bbox 602 923 736 997; x_wconf 85' lang='lat' dir='ltr'><strong>videbat,</strong></span> <span class='ocrx_word' id='word_1_54' title='bbox 757 924 921 1004; x_wconf 81' lang='lat' dir='ltr'><strong>Corcyram</strong></span> <span class='ocrx_word' id='word_1_55' title='bbox 941 924 1034 985; x_wconf 90' lang='lat' dir='ltr'><strong>demi-</strong></span> 
     </span>
     <span class='ocr_line' id='line_1_9' title="bbox 138 1004 1034 1084; baseline -0.001 -20"><span class='ocrx_word' id='word_1_56' title='bbox 138 1006 248 1084; x_wconf 80' lang='lat' dir='ltr'><strong>gravit</strong></span> <span class='ocrx_word' id='word_1_57' title='bbox 293 1004 345 1065; x_wconf 90' lang='lat' dir='ltr'><strong>Ibi</strong></span> <span class='ocrx_word' id='word_1_58' title='bbox 358 1025 428 1064; x_wconf 90' lang='lat' dir='ltr'><strong>cum</strong></span> <span class='ocrx_word' id='word_1_59' title='bbox 443 1005 505 1082; x_wconf 90' lang='lat' dir='ltr'><strong>ejus</strong></span> <span class='ocrx_word' id='word_1_60' title='bbox 520 1005 671 1084; x_wconf 77' lang='lat' dir='ltr'><strong>principes</strong></span> <span class='ocrx_word' id='word_1_61' title='bbox 691 1005 824 1066; x_wconf 81' lang='lat' dir='ltr'><strong>civitatis</strong></span> <span class='ocrx_word' id='word_1_62' title='bbox 844 1005 1034 1066; x_wconf 89' lang='lat' dir='ltr'><strong>animadver-</strong></span> 
     </span>
     <span class='ocr_line' id='line_1_10' title="bbox 137 1084 1031 1163; baseline -0.002 -17"><span class='ocrx_word' id='word_1_63' title='bbox 137 1087 221 1146; x_wconf 85' lang='lat' dir='ltr'><strong>tisset</strong></span> <span class='ocrx_word' id='word_1_64' title='bbox 235 1085 354 1158; x_wconf 92' lang='lat' dir='ltr'><strong>timere,</strong></span> <span class='ocrx_word' id='word_1_65' title='bbox 369 1105 408 1144; x_wconf 91' lang='lat' dir='ltr'><strong>ne</strong></span> <span class='ocrx_word' id='word_1_66' title='bbox 421 1094 546 1163; x_wconf 88' lang='lat' dir='ltr'><strong>propter</strong></span> <span class='ocrx_word' id='word_1_67' title='bbox 558 1105 589 1144; x_wconf 90' lang='lat' dir='ltr'><strong>se</strong></span> <span class='ocrx_word' id='word_1_68' title='bbox 602 1084 719 1145; x_wconf 91' lang='lat' dir='ltr'><strong>bellum</strong></span> <span class='ocrx_word' id='word_1_69' title='bbox 734 1085 780 1144; x_wconf 92' lang='lat' dir='ltr'><strong>his</strong></span> <span class='ocrx_word' id='word_1_70' title='bbox 798 1084 1031 1145; x_wconf 82' lang='lat' dir='ltr'><strong>Lacedaemonii</strong></span> 
     </span>
     <span class='ocr_line' id='line_1_11' title="bbox 138 1164 1087 1237; baseline 0 -11"><span class='ocrx_word' id='word_1_71' title='bbox 138 1173 168 1226; x_wconf 88' lang='lat' dir='ltr'><strong>et</strong></span> <span class='ocrx_word' id='word_1_72' title='bbox 181 1165 387 1226; x_wconf 83' lang='lat' dir='ltr'><strong>Athenienses</strong></span> <span class='ocrx_word' id='word_1_73' title='bbox 401 1165 576 1237; x_wconf 88' lang='lat' dir='ltr'><strong>indicerent,</strong></span> <span class='ocrx_word' id='word_1_74' title='bbox 587 1165 628 1225; x_wconf 90' lang='lat' dir='ltr'><strong>ad</strong></span> <span class='ocrx_word' id='word_1_75' title='bbox 639 1164 816 1237; x_wconf 91' lang='lat' dir='ltr'><strong>Admetum,</strong></span> <span class='ocrx_word' id='word_1_76' title='bbox 831 1164 1032 1226; x_wconf 86' lang='lat' dir='ltr'><strong>Molossorum</strong></span> <span class='ocrx_word' id='word_1_77' title='bbox 1047 1165 1087 1226; x_wconf 87' lang='lat'><strong>10</strong></span> 
     </span>
     <span class='ocr_line' id='line_1_12' title="bbox 137 1244 1031 1325; baseline -0.001 -19"><span class='ocrx_word' id='word_1_78' title='bbox 137 1267 250 1325; x_wconf 84' lang='lat' dir='ltr'><strong>regem,</strong></span> <span class='ocrx_word' id='word_1_79' title='bbox 273 1266 344 1306; x_wconf 90' lang='lat' dir='ltr'><strong>cum</strong></span> <span class='ocrx_word' id='word_1_80' title='bbox 365 1265 425 1324; x_wconf 90' lang='lat' dir='ltr'><strong>quo</strong></span> <span class='ocrx_word' id='word_1_81' title='bbox 446 1245 474 1304; x_wconf 91' lang='lat' dir='ltr'><strong>ei</strong></span> <span class='ocrx_word' id='word_1_82' title='bbox 495 1245 660 1324; x_wconf 91' lang='lat' dir='ltr'><strong>hospitium</strong></span> <span class='ocrx_word' id='word_1_83' title='bbox 680 1255 754 1319; x_wconf 89' lang='lat' dir='ltr'><strong>erat,</strong></span> <span class='ocrx_word' id='word_1_84' title='bbox 773 1245 931 1324; x_wconf 72' lang='lat' dir='ltr'><strong>confugit!</strong></span> <span class='ocrx_word' id='word_1_85' title='bbox 959 1244 1031 1306; x_wconf 88' lang='lat' dir='ltr'><strong>Huc</strong></span> 
     </span>
     <span class='ocr_line' id='line_1_13' title="bbox 139 1324 1032 1406; baseline 0 -20"><span class='ocrx_word' id='word_1_86' title='bbox 139 1347 209 1386; x_wconf 91' lang='lat' dir='ltr'><strong>oum</strong></span> <span class='ocrx_word' id='word_1_87' title='bbox 222 1326 365 1399; x_wconf 87' lang='lat' dir='ltr'><strong>venisset,</strong></span> <span class='ocrx_word' id='word_1_88' title='bbox 379 1334 410 1384; x_wconf 91' lang='lat' dir='ltr'><strong>et</strong></span> <span class='ocrx_word' id='word_1_89' title='bbox 431 1325 463 1385; x_wconf 91' lang='lat' dir='ltr'><strong>in</strong></span> <span class='ocrx_word' id='word_1_90' title='bbox 484 1326 654 1404; x_wconf 87' lang='lat' dir='ltr'><strong>praesentia</strong></span> <span class='ocrx_word' id='word_1_91' title='bbox 674 1346 729 1384; x_wconf 86' lang='lat' dir='ltr'><strong>rex</strong></span> <span class='ocrx_word' id='word_1_92' title='bbox 750 1324 874 1398; x_wconf 75' lang='lat' dir='ltr'><strong>abesset,</strong></span> <span class='ocrx_word' id='word_1_93' title='bbox 889 1345 950 1406; x_wconf 93' lang='lat' dir='ltr'><strong>quo</strong></span> <span class='ocrx_word' id='word_1_94' title='bbox 968 1346 1032 1386; x_wconf 89' lang='lat' dir='ltr'><strong>ma·</strong></span> 
     </span>
     <span class='ocr_line' id='line_1_14' title="bbox 138 1405 1032 1486; baseline -0.003 -18"><span class='ocrx_word' id='word_1_95' title='bbox 138 1408 206 1486; x_wconf 87' lang='lat' dir='ltr'><strong>jore</strong></span> <span class='ocrx_word' id='word_1_96' title='bbox 226 1405 375 1484; x_wconf 85' lang='lat' dir='ltr'><strong>religione</strong></span> <span class='ocrx_word' id='word_1_97' title='bbox 394 1425 427 1466; x_wconf 86' lang='lat' dir='ltr'><strong>se</strong></span> <span class='ocrx_word' id='word_1_98' title='bbox 447 1415 601 1484; x_wconf 90' lang='lat' dir='ltr'><strong>receptum</strong></span> <span class='ocrx_word' id='word_1_99' title='bbox 619 1414 765 1479; x_wconf 88' lang='lat' dir='ltr'><strong>tueretur,</strong></span> <span class='ocrx_word' id='word_1_100' title='bbox 779 1405 874 1466; x_wconf 88' lang='lat' dir='ltr'><strong>filiam</strong></span> <span class='ocrx_word' id='word_1_101' title='bbox 888 1407 951 1485; x_wconf 89' lang='lat' dir='ltr'><strong>ejus</strong></span> <span class='ocrx_word' id='word_1_102' title='bbox 965 1427 1032 1485; x_wconf 91' lang='lat' dir='ltr'><strong>par-</strong></span> 
     </span>
     <span class='ocr_line' id='line_1_15' title="bbox 137 1486 1030 1565; baseline -0.002 -17"><span class='ocrx_word' id='word_1_103' title='bbox 137 1488 245 1549; x_wconf 91' lang='lat' dir='ltr'><strong>vulam</strong></span> <span class='ocrx_word' id='word_1_104' title='bbox 272 1487 404 1565; x_wconf 91' lang='lat' dir='ltr'><strong>arripuit</strong></span> <span class='ocrx_word' id='word_1_105' title='bbox 431 1494 462 1547; x_wconf 87' lang='lat' dir='ltr'><strong>et</strong></span> <span class='ocrx_word' id='word_1_106' title='bbox 489 1506 558 1546; x_wconf 85' lang='lat' dir='ltr'><strong>curn</strong></span> <span class='ocrx_word' id='word_1_107' title='bbox 582 1507 618 1547; x_wconf 90' lang='lat' dir='ltr'><strong>ea</strong></span> <span class='ocrx_word' id='word_1_108' title='bbox 641 1506 674 1547; x_wconf 90' lang='lat' dir='ltr'><strong>se</strong></span> <span class='ocrx_word' id='word_1_109' title='bbox 690 1487 730 1545; x_wconf 88' lang='lat' dir='ltr'><strong>&#39;in</strong></span> <span class='ocrx_word' id='word_1_110' title='bbox 752 1486 928 1559; x_wconf 89' lang='lat' dir='ltr'><strong>sacrarium,</strong></span> <span class='ocrx_word' id='word_1_111' title='bbox 950 1487 1030 1565; x_wconf 90' lang='lat' dir='ltr'><strong>quod</strong></span> 
     </span>
     <span class='ocr_line' id='line_1_16' title="bbox 137 1549 1084 1651; baseline -0.001 -24"><span class='ocrx_word' id='word_1_112' title='bbox 137 1588 258 1627; x_wconf 91' lang='lat' dir='ltr'><strong>summa</strong></span> <span class='ocrx_word' id='word_1_113' title='bbox 287 1549 445 1627; x_wconf 90' lang='lat' dir='ltr'><strong>colebatur</strong></span> <span class='ocrx_word' id='word_1_114' title='bbox 471 1567 663 1651; x_wconf 74' lang='lat' dir='ltr'><strong>caerimonia,</strong></span> <span class='ocrx_word' id='word_1_115' title='bbox 687 1567 825 1647; x_wconf 88' lang='lat' dir='ltr'><strong>conjecit.</strong></span> <span class='ocrx_word' id='word_1_116' title='bbox 865 1565 943 1627; x_wconf 90' lang='lat' dir='ltr'><strong>Inde</strong></span> <span class='ocrx_word' id='word_1_117' title='bbox 969 1588 1030 1627; x_wconf 92' lang='lat' dir='ltr'><strong>non</strong></span> <span class='ocrx_word' id='word_1_118' title='bbox 1045 1567 1084 1626; x_wconf 85' lang='lat'><strong>15</strong></span> 
     </span>
     <span class='ocr_line' id='line_1_17' title="bbox 137 1644 1031 1727; baseline 0 -21"><span class='ocrx_word' id='word_1_119' title='bbox 137 1648 223 1726; x_wconf 89' lang='lat' dir='ltr'><strong>prius</strong></span> <span class='ocrx_word' id='word_1_120' title='bbox 251 1667 386 1727; x_wconf 86' lang='lat' dir='ltr'><strong>egressus</strong></span> <span class='ocrx_word' id='word_1_121' title='bbox 414 1655 467 1720; x_wconf 84' lang='lat' dir='ltr'><strong>est,</strong></span> <span class='ocrx_word' id='word_1_122' title='bbox 489 1644 586 1726; x_wconf 73' lang='lat' dir='ltr'><strong>‘quaid</strong></span> <span class='ocrx_word' id='word_1_123' title='bbox 608 1669 664 1708; x_wconf 84' lang='lat' dir='ltr'><strong>rex</strong></span> <span class='ocrx_word' id='word_1_124' title='bbox 687 1667 758 1706; x_wconf 92' lang='lat' dir='ltr'><strong>eum</strong></span> <span class='ocrx_word' id='word_1_125' title='bbox 778 1647 851 1707; x_wconf 86' lang='lat' dir='ltr'><strong>data</strong></span> <span class='ocrx_word' id='word_1_126' title='bbox 870 1647 980 1708; x_wconf 82' lang='lat' dir='ltr'><strong>dextra</strong></span> <span class='ocrx_word' id='word_1_127' title='bbox 997 1647 1031 1707; x_wconf 88' lang='lat' dir='ltr'><strong>in</strong></span> 
     </span>
     <span class='ocr_line' id='line_1_18' title="bbox 135 1727 1030 1807; baseline 0 -19"><span class='ocrx_word' id='word_1_128' title='bbox 135 1729 229 1788; x_wconf 88' lang='lat' dir='ltr'><strong>fidem</strong></span> <span class='ocrx_word' id='word_1_129' title='bbox 257 1727 424 1806; x_wconf 90' lang='lat' dir='ltr'><strong>reciperet:</strong></span> <span class='ocrx_word' id='word_1_130' title='bbox 474 1747 545 1788; x_wconf 92' lang='lat' dir='ltr'><strong>uam</strong></span> <span class='ocrx_word' id='word_1_131' title='bbox 572 1728 733 1807; x_wconf 86' lang='lat' dir='ltr'><strong>praestitit.</strong></span> <span class='ocrx_word' id='word_1_132' title='bbox 783 1727 865 1787; x_wconf 89' lang='lat' dir='ltr'><strong>Nam</strong></span> <span class='ocrx_word' id='word_1_133' title='bbox 892 1749 963 1788; x_wconf 91' lang='lat' dir='ltr'><strong>cum</strong></span> <span class='ocrx_word' id='word_1_134' title='bbox 990 1728 1030 1788; x_wconf 89' lang='lat' dir='ltr'><strong>ab</strong></span> 
     </span>
     <span class='ocr_line' id='line_1_19' title="bbox 136 1807 1030 1888; baseline 0 -20"><span class='ocrx_word' id='word_1_135' title='bbox 136 1807 378 1868; x_wconf 89' lang='lat' dir='ltr'><strong>Atheniensibus</strong></span> <span class='ocrx_word' id='word_1_136' title='bbox 406 1815 437 1868; x_wconf 86' lang='lat' dir='ltr'><strong>et</strong></span> <span class='ocrx_word' id='word_1_137' title='bbox 514 1808 714 1870; x_wconf 89' lang='lat' dir='ltr'><strong>cedaemoniis</strong></span> <span class='ocrx_word' id='word_1_138' title='bbox 740 1817 952 1886; x_wconf 85' lang='lat' dir='ltr'><strong>exposceretur</strong></span> <span class='ocrx_word' id='word_1_139' title='bbox 976 1829 1030 1888; x_wconf 93' lang='lat' dir='ltr'><strong>pu-</strong></span> 
     </span>
     <span class='ocr_line' id='line_1_20' title="bbox 136 1887 1030 1968; baseline -0.001 -19"><span class='ocrx_word' id='word_1_140' title='bbox 136 1889 224 1962; x_wconf 87' lang='lat' dir='ltr'><strong>bhce,</strong></span> <span class='ocrx_word' id='word_1_141' title='bbox 239 1887 410 1968; x_wconf 88' lang='lat' dir='ltr'><strong>supplicem</strong></span> <span class='ocrx_word' id='word_1_142' title='bbox 431 1909 492 1947; x_wconf 92' lang='lat' dir='ltr'><strong>non</strong></span> <span class='ocrx_word' id='word_1_143' title='bbox 511 1889 657 1967; x_wconf 88' lang='lat' dir='ltr'><strong>prodidit,</strong></span> <span class='ocrx_word' id='word_1_144' title='bbox 671 1889 857 1968; x_wconf 85' lang='lat' dir='ltr'><strong>monuitque,</strong></span> <span class='ocrx_word' id='word_1_145' title='bbox 871 1897 906 1948; x_wconf 90' lang='lat' dir='ltr'><strong>ut</strong></span> <span class='ocrx_word' id='word_1_146' title='bbox 926 1909 1030 1948; x_wconf 90' lang='lat' dir='ltr'><strong>oonsu-</strong></span> 
     </span>
     <span class='ocr_line' id='line_1_21' title="bbox 135 1968 1084 2048; baseline 0.001 -20"><span class='ocrx_word' id='word_1_147' title='bbox 135 1969 213 2030; x_wconf 87' lang='lat' dir='ltr'><strong>leret</strong></span> <span class='ocrx_word' id='word_1_148' title='bbox 226 1969 303 2041; x_wconf 89' lang='lat' dir='ltr'><strong>sibi;</strong></span> <span class='ocrx_word' id='word_1_149' title='bbox 325 1968 449 2028; x_wconf 88' lang='lat' dir='ltr'><strong>difficile</strong></span> <span class='ocrx_word' id='word_1_150' title='bbox 470 1969 549 2027; x_wconf 90' lang='lat' dir='ltr'><strong>enim</strong></span> <span class='ocrx_word' id='word_1_151' title='bbox 570 1989 641 2041; x_wconf 88' lang='lat' dir='ltr'><strong>esse,</strong></span> <span class='ocrx_word' id='word_1_152' title='bbox 656 1968 688 2027; x_wconf 89' lang='lat' dir='ltr'><strong>in</strong></span> <span class='ocrx_word' id='word_1_153' title='bbox 701 1978 766 2028; x_wconf 80' lang='lat' dir='ltr'><strong>tam</strong></span> <span class='ocrx_word' id='word_1_154' title='bbox 780 1969 949 2048; x_wconf 88' lang='lat' dir='ltr'><strong>propinquo</strong></span> <span class='ocrx_word' id='word_1_155' title='bbox 963 1969 1029 2029; x_wconf 94' lang='lat' dir='ltr'><strong>loco</strong></span> <span class='ocrx_word' id='word_1_156' title='bbox 1044 1969 1084 2029; x_wconf 85' lang='lat'><strong>20</strong></span> 
     </span>
     <span class='ocr_line' id='line_1_22' title="bbox 135 2047 1029 2142; baseline -0.001 -32"><span class='ocrx_word' id='word_1_157' title='bbox 135 2059 202 2122; x_wconf 87' lang='lat' dir='ltr'><strong>tuto</strong></span> <span class='ocrx_word' id='word_1_158' title='bbox 224 2069 295 2110; x_wconf 90' lang='lat' dir='ltr'><strong>eum</strong></span> <span class='ocrx_word' id='word_1_159' title='bbox 309 2048 434 2111; x_wconf 85' lang='lat' dir='ltr'><strong>versari.</strong></span> <span class='ocrx_word' id='word_1_160' title='bbox 476 2047 584 2127; x_wconf 87' lang='lat' dir='ltr'><strong>Itaque</strong></span> <span class='ocrx_word' id='word_1_161' title='bbox 602 2049 744 2142; x_wconf 69' lang='lat' dir='ltr'><strong>Pydnam</strong></span> <span class='ocrx_word' id='word_1_162' title='bbox 758 2068 827 2108; x_wconf 91' lang='lat' dir='ltr'><strong>eum</strong></span> <span class='ocrx_word' id='word_1_163' title='bbox 841 2049 951 2109; x_wconf 90' lang='lat' dir='ltr'><strong>deduci</strong></span> <span class='ocrx_word' id='word_1_164' title='bbox 966 2049 1029 2129; x_wconf 85' lang='lat' dir='ltr'><strong>jus·</strong></span> 
     </span>
     <span class='ocr_line' id='line_1_23' title="bbox 135 2127 1028 2208; baseline 0 -18"><span class='ocrx_word' id='word_1_165' title='bbox 135 2131 174 2190; x_wconf 79' lang='lat' dir='ltr'><strong>sit</strong></span> <span class='ocrx_word' id='word_1_166' title='bbox 188 2139 219 2191; x_wconf 90' lang='lat' dir='ltr'><strong>et</strong></span> <span class='ocrx_word' id='word_1_167' title='bbox 233 2129 316 2208; x_wconf 92' lang='lat' dir='ltr'><strong>quod</strong></span> <span class='ocrx_word' id='word_1_168' title='bbox 329 2129 403 2189; x_wconf 89' lang='lat' dir='ltr'><strong>satis</strong></span> <span class='ocrx_word' id='word_1_169' title='bbox 417 2137 493 2189; x_wconf 89' lang='lat' dir='ltr'><strong>esset</strong></span> <span class='ocrx_word' id='word_1_170' title='bbox 505 2128 649 2207; x_wconf 87' lang='lat' dir='ltr'><strong>praesidii</strong></span> <span class='ocrx_word' id='word_1_171' title='bbox 662 2127 754 2190; x_wconf 91' lang='lat' dir='ltr'><strong>dedit.</strong></span> <span class='ocrx_word' id='word_1_172' title='bbox 796 2128 904 2189; x_wconf 89' lang='lat' dir='ltr'><strong>Hicin</strong></span> <span class='ocrx_word' id='word_1_173' title='bbox 917 2149 1028 2190; x_wconf 87' lang='lat' dir='ltr'><strong>navem</strong></span> 
     </span>
     <span class='ocr_line' id='line_1_24' title="bbox 136 2208 1028 2288; baseline -0.001 -18"><span class='ocrx_word' id='word_1_174' title='bbox 136 2210 277 2271; x_wconf 88' lang='lat' dir='ltr'><strong>omnibus</strong></span> <span class='ocrx_word' id='word_1_175' title='bbox 301 2209 424 2288; x_wconf 84' lang='lat' dir='ltr'><strong>ignotus</strong></span> <span class='ocrx_word' id='word_1_176' title='bbox 448 2209 548 2270; x_wconf 88' lang='lat' dir='ltr'><strong>nautis</strong></span> <span class='ocrx_word' id='word_1_177' title='bbox 572 2209 714 2270; x_wconf 88' lang='lat' dir='ltr'><strong>escendit.</strong></span> <span class='ocrx_word' id='word_1_178' title='bbox 756 2208 846 2286; x_wconf 76' lang='lat' dir='ltr'><strong>Quae</strong></span> <span class='ocrx_word' id='word_1_179' title='bbox 865 2229 935 2269; x_wconf 89' lang='lat' dir='ltr'><strong>cum</strong></span> <span class='ocrx_word' id='word_1_180' title='bbox 955 2219 1028 2269; x_wconf 88' lang='lat' dir='ltr'><strong>tom-</strong></span> 
     </span>
     <span class='ocr_line' id='line_1_25' title="bbox 136 2289 1027 2370; baseline -0.001 -19"><span class='ocrx_word' id='word_1_181' title='bbox 136 2300 252 2370; x_wconf 87' lang='lat' dir='ltr'><strong>pcstate</strong></span> <span class='ocrx_word' id='word_1_182' title='bbox 278 2289 418 2350; x_wconf 85' lang='lat' dir='ltr'><strong>maxima</strong></span> <span class='ocrx_word' id='word_1_183' title='bbox 446 2289 572 2349; x_wconf 86' lang='lat' dir='ltr'><strong>Naxum</strong></span> <span class='ocrx_word' id='word_1_184' title='bbox 599 2290 738 2362; x_wconf 79' lang='lat' dir='ltr'><strong>ferretur,</strong></span> <span class='ocrx_word' id='word_1_185' title='bbox 762 2291 816 2350; x_wconf 91' lang='lat' dir='ltr'><strong>ubi</strong></span> <span class='ocrx_word' id='word_1_186' title='bbox 842 2297 910 2350; x_wconf 92' lang='lat' dir='ltr'><strong>tum</strong></span> <span class='ocrx_word' id='word_1_187' title='bbox 932 2289 1027 2350; x_wconf 86' lang='lat' dir='ltr'><strong>Athe</strong></span> 
     </span>
     <span class='ocr_line' id='line_1_26' title="bbox 135 2367 1081 2444; baseline 0.001 -14"><span class='ocrx_word' id='word_1_188' title='bbox 135 2372 286 2431; x_wconf 88' lang='lat' dir='ltr'><strong>niensium</strong></span> <span class='ocrx_word' id='word_1_189' title='bbox 311 2378 378 2430; x_wconf 90' lang='lat' dir='ltr'><strong>erat</strong></span> <span class='ocrx_word' id='word_1_190' title='bbox 403 2370 561 2444; x_wconf 85' lang='lat' dir='ltr'><strong>exercitus,</strong></span> <span class='ocrx_word' id='word_1_191' title='bbox 582 2370 675 2430; x_wconf 88' lang='lat' dir='ltr'><strong>sensit</strong></span> <span class='ocrx_word' id='word_1_192' title='bbox 698 2367 922 2444; x_wconf 79' lang='lat' dir='ltr'><strong>Themistocles,</strong></span> <span class='ocrx_word' id='word_1_193' title='bbox 942 2371 968 2430; x_wconf 91' lang='lat' dir='ltr'><strong>si</strong></span> <span class='ocrx_word' id='word_1_194' title='bbox 992 2392 1026 2431; x_wconf 89' lang='lat' dir='ltr'><strong>eo</strong></span> <span class='ocrx_word' id='word_1_195' title='bbox 1041 2373 1081 2431; x_wconf 82' lang='lat'><strong>25</strong></span> 
     </span>
     <span class='ocr_line' id='line_1_27' title="bbox 136 2449 1048 2530; baseline 0.003 -20"><span class='ocrx_word' id='word_1_196' title='bbox 136 2452 329 2530; x_wconf 85' lang='lat' dir='ltr'><strong>pervenisset,</strong></span> <span class='ocrx_word' id='word_1_197' title='bbox 351 2450 410 2510; x_wconf 91' lang='lat' dir='ltr'><strong>sibi</strong></span> <span class='ocrx_word' id='word_1_198' title='bbox 435 2469 496 2510; x_wconf 87' lang='lat' dir='ltr'><strong>esse</strong></span> <span class='ocrx_word' id='word_1_199' title='bbox 519 2450 716 2528; x_wconf 88' lang='lat' dir='ltr'><strong>pereundum.</strong></span> <span class='ocrx_word' id='word_1_200' title='bbox 759 2449 829 2510; x_wconf 89' lang='lat' dir='ltr'><strong>Hac</strong></span> <span class='ocrx_word' id='word_1_201' title='bbox 850 2451 1048 2513; x_wconf 79' lang='lat' dir='ltr'><strong>necessitate.</strong></span> 
     </span>
     <span class='ocr_line' id='line_1_28' title="bbox 137 2530 1025 2610; baseline 0.001 -20"><span class='ocrx_word' id='word_1_202' title='bbox 137 2541 256 2592; x_wconf 91' lang='lat' dir='ltr'><strong>coactus</strong></span> <span class='ocrx_word' id='word_1_203' title='bbox 269 2531 395 2592; x_wconf 92' lang='lat' dir='ltr'><strong>domino</strong></span> <span class='ocrx_word' id='word_1_204' title='bbox 410 2531 506 2603; x_wconf 90' lang='lat' dir='ltr'><strong>navis,</strong></span> <span class='ocrx_word' id='word_1_205' title='bbox 518 2531 570 2609; x_wconf 91' lang='lat' dir='ltr'><strong>qui</strong></span> <span class='ocrx_word' id='word_1_206' title='bbox 584 2531 632 2603; x_wconf 88' lang='lat' dir='ltr'><strong>sit,</strong></span> <span class='ocrx_word' id='word_1_207' title='bbox 643 2531 749 2609; x_wconf 88' lang='lat' dir='ltr'><strong>aperit,</strong></span> <span class='ocrx_word' id='word_1_208' title='bbox 760 2531 858 2590; x_wconf 88' lang='lat' dir='ltr'><strong>multa</strong></span> <span class='ocrx_word' id='word_1_209' title='bbox 872 2530 1025 2610; x_wconf 91' lang='lat' dir='ltr'><strong>pollicens,</strong></span> 
     </span>
     <span class='ocr_line' id='line_1_29' title="bbox 135 2609 1026 2690; baseline 0 -19"><span class='ocrx_word' id='word_1_210' title='bbox 135 2612 160 2671; x_wconf 91' lang='lat' dir='ltr'><strong>si</strong></span> <span class='ocrx_word' id='word_1_211' title='bbox 186 2633 218 2672; x_wconf 89' lang='lat' dir='ltr'><strong>se</strong></span> <span class='ocrx_word' id='word_1_212' title='bbox 246 2618 460 2672; x_wconf 81' lang='lat' dir='ltr'><strong>conservasset.</strong></span> <span class='ocrx_word' id='word_1_213' title='bbox 502 2609 547 2670; x_wconf 89' lang='lat' dir='ltr'><strong>At</strong></span> <span class='ocrx_word' id='word_1_214' title='bbox 574 2611 627 2670; x_wconf 93' lang='lat' dir='ltr'><strong>ille</strong></span> <span class='ocrx_word' id='word_1_215' title='bbox 654 2611 812 2672; x_wconf 78' lang='lat' dir='ltr'><strong>clarissimi</strong></span> <span class='ocrx_word' id='word_1_216' title='bbox 836 2612 895 2673; x_wconf 91' lang='lat' dir='ltr'><strong>viri</strong></span> <span class='ocrx_word' id='word_1_217' title='bbox 920 2621 1026 2690; x_wconf 88' lang='lat' dir='ltr'><strong>captus</strong></span> 
     </span>
     <span class='ocr_line' id='line_1_30' title="bbox 135 2690 1025 2770; baseline 0.001 -20"><span class='ocrx_word' id='word_1_218' title='bbox 135 2691 349 2764; x_wconf 87' lang='lat' dir='ltr'><strong>misericordia,</strong></span> <span class='ocrx_word' id='word_1_219' title='bbox 375 2691 458 2750; x_wconf 93' lang='lat' dir='ltr'><strong>diem</strong></span> <span class='ocrx_word' id='word_1_220' title='bbox 485 2698 664 2770; x_wconf 88' lang='lat' dir='ltr'><strong>noctemque</strong></span> <span class='ocrx_word' id='word_1_221' title='bbox 686 2691 794 2770; x_wconf 89' lang='lat' dir='ltr'><strong>procul</strong></span> <span class='ocrx_word' id='word_1_222' title='bbox 813 2690 853 2751; x_wconf 91' lang='lat' dir='ltr'><strong>ab</strong></span> <span class='ocrx_word' id='word_1_223' title='bbox 874 2691 973 2751; x_wconf 88' lang='lat' dir='ltr'><strong>insula</strong></span> <span class='ocrx_word' id='word_1_224' title='bbox 992 2692 1025 2751; x_wconf 90' lang='lat' dir='ltr'><strong>in</strong></span> 
     </span>
     <span class='ocr_line' id='line_1_31' title="bbox 135 2770 1079 2850; baseline 0.003 -19"><span class='ocrx_word' id='word_1_225' title='bbox 135 2773 197 2833; x_wconf 84' lang='lat' dir='ltr'><strong>salo</strong></span> <span class='ocrx_word' id='word_1_226' title='bbox 218 2793 329 2834; x_wconf 88' lang='lat' dir='ltr'><strong>navem</strong></span> <span class='ocrx_word' id='word_1_227' title='bbox 349 2771 451 2832; x_wconf 86' lang='lat' dir='ltr'><strong>tenuit</strong></span> <span class='ocrx_word' id='word_1_228' title='bbox 470 2770 503 2835; x_wconf 86' lang='lat' dir='ltr'><strong>iu</strong></span> <span class='ocrx_word' id='word_1_229' title='bbox 524 2773 649 2843; x_wconf 85' lang='lat' dir='ltr'><strong>ancoris,</strong></span> <span class='ocrx_word' id='word_1_230' title='bbox 664 2792 762 2850; x_wconf 89' lang='lat' dir='ltr'><strong>neque</strong></span> <span class='ocrx_word' id='word_1_231' title='bbox 782 2791 965 2850; x_wconf 89' lang='lat' dir='ltr'><strong>quemquam</strong></span> <span class='ocrx_word' id='word_1_232' title='bbox 985 2791 1024 2830; x_wconf 82' lang='lat' dir='ltr'><strong>ex</strong></span> <span class='ocrx_word' id='word_1_233' title='bbox 1039 2774 1079 2834; x_wconf 90' lang='lat'><strong>30</strong></span> 
     </span>
     <span class='ocr_line' id='line_1_32' title="bbox 135 2849 1025 2931; baseline -0.001 -19"><span class='ocrx_word' id='word_1_234' title='bbox 135 2873 170 2912; x_wconf 88' lang='lat' dir='ltr'><strong>ea</strong></span> <span class='ocrx_word' id='word_1_235' title='bbox 184 2853 267 2912; x_wconf 84' lang='lat' dir='ltr'><strong>exire</strong></span> <span class='ocrx_word' id='word_1_236' title='bbox 281 2871 388 2931; x_wconf 89' lang='lat' dir='ltr'><strong>passus</strong></span> <span class='ocrx_word' id='word_1_237' title='bbox 402 2858 455 2910; x_wconf 90' lang='lat' dir='ltr'><strong>est.</strong></span> <span class='ocrx_word' id='word_1_238' title='bbox 496 2849 573 2910; x_wconf 90' lang='lat' dir='ltr'><strong>Inde</strong></span> <span class='ocrx_word' id='word_1_239' title='bbox 591 2851 748 2930; x_wconf 83' lang='lat' dir='ltr'><strong>Ephesum</strong></span> <span class='ocrx_word' id='word_1_240' title='bbox 766 2853 905 2930; x_wconf 89' lang='lat' dir='ltr'><strong>pervenit</strong></span> <span class='ocrx_word' id='word_1_241' title='bbox 923 2851 1025 2929; x_wconf 92' lang='lat' dir='ltr'><strong>ibique</strong></span> 
     </span>
     <span class='ocr_line' id='line_1_33' title="bbox 135 2931 1128 3012; baseline 0 -20"><span class='ocrx_word' id='word_1_242' title='bbox 135 2932 368 2994; x_wconf 82' lang='lat' dir='ltr'><strong>Themistoclem</strong></span> <span class='ocrx_word' id='word_1_243' title='bbox 393 2931 536 3010; x_wconf 88' lang='lat' dir='ltr'><strong>exponit;</strong></span> <span class='ocrx_word' id='word_1_244' title='bbox 557 2931 607 2992; x_wconf 92' lang='lat' dir='ltr'><strong>cui</strong></span> <span class='ocrx_word' id='word_1_245' title='bbox 631 2932 685 2992; x_wconf 89' lang='lat' dir='ltr'><strong>ille</strong></span> <span class='ocrx_word' id='word_1_246' title='bbox 707 2952 764 3012; x_wconf 92' lang='lat' dir='ltr'><strong>pro</strong></span> <span class='ocrx_word' id='word_1_247' title='bbox 787 2931 902 2991; x_wconf 91' lang='lat' dir='ltr'><strong>meritis</strong></span> <span class='ocrx_word' id='word_1_248' title='bbox 920 2942 1025 3010; x_wconf 91' lang='lat' dir='ltr'><strong>postea</strong></span> <span class='ocrx_word' id='word_1_249' title='bbox 1124 2992 1128 3000; x_wconf 77' lang='grc'><strong>,</strong></span> 
     </span>
     <span class='ocr_line' id='line_1_34' title="bbox 134 3012 1025 3092; baseline -0.001 -20"><span class='ocrx_word' id='word_1_250' title='bbox 134 3014 264 3092; x_wconf 86' lang='lat' dir='ltr'><strong>gratiam</strong></span> <span class='ocrx_word' id='word_1_251' title='bbox 278 3012 393 3073; x_wconf 89' lang='lat' dir='ltr'><strong>retulit.</strong></span> <span class='ocrx_word' id='word_1_252' title='bbox 706 3078 708 3082; x_wconf 64' lang='lat'><strong>,</strong></span> <span class='ocrx_word' id='word_1_253' title='bbox 1021 3029 1025 3032; x_wconf 88' lang='grc'><em>·</em></span> 
     </span>
     <span class='ocr_line' id='line_1_35' title="bbox 175 3090 1025 3172; baseline -0.001 -20"><span class='ocrx_word' id='word_1_254' title='bbox 175 3091 235 3152; x_wconf 91' lang='grc' dir='ltr'><strong>ΙΧ.</strong></span> <span class='ocrx_word' id='word_1_255' title='bbox 256 3091 325 3154; x_wconf 81' lang='lat' dir='ltr'><strong>Scio</strong></span> <span class='ocrx_word' id='word_1_256' title='bbox 350 3091 510 3172; x_wconf 89' lang='lat' dir='ltr'><strong>plerosque</strong></span> <span class='ocrx_word' id='word_1_257' title='bbox 538 3092 582 3153; x_wconf 91' lang='lat' dir='ltr'><strong>ita</strong></span> <span class='ocrx_word' id='word_1_258' title='bbox 609 3092 769 3170; x_wconf 88' lang='lat' dir='ltr'><strong>scripsisse,</strong></span> <span class='ocrx_word' id='word_1_259' title='bbox 793 3090 1025 3152; x_wconf 59' lang='lat' dir='ltr'><strong>&#39;Remistoclem</strong></span> 
     </span>
     <span class='ocr_line' id='line_1_36' title="bbox 135 3170 1078 3252; baseline -0.002 -20"><span class='ocrx_word' id='word_1_260' title='bbox 135 3171 240 3233; x_wconf 86' lang='lat' dir='ltr'><strong>Xerxe</strong></span> <span class='ocrx_word' id='word_1_261' title='bbox 253 3181 404 3252; x_wconf 84' lang='lat' dir='ltr'><strong>regnante</strong></span> <span class='ocrx_word' id='word_1_262' title='bbox 418 3173 450 3230; x_wconf 92' lang='lat' dir='ltr'><strong>in</strong></span> <span class='ocrx_word' id='word_1_263' title='bbox 465 3173 571 3232; x_wconf 88' lang='lat' dir='ltr'><strong>Asiam</strong></span> <span class='ocrx_word' id='word_1_264' title='bbox 588 3173 738 3233; x_wconf 90' lang='lat' dir='ltr'><strong>transisse.</strong></span> <span class='ocrx_word' id='word_1_265' title='bbox 780 3172 839 3232; x_wconf 84' lang='lat' dir='ltr'><strong>Sed</strong></span> <span class='ocrx_word' id='word_1_266' title='bbox 860 3191 915 3249; x_wconf 86' lang='lat' dir='ltr'><strong>ego</strong></span> <span class='ocrx_word' id='word_1_267' title='bbox 935 3172 1024 3249; x_wconf 88' lang='lat' dir='ltr'><strong>potis·</strong></span> <span class='ocrx_word' id='word_1_268' title='bbox 1038 3170 1078 3230; x_wconf 85' lang='lat'><strong>35</strong></span> 
     </span>
     <span class='ocr_line' id='line_1_37' title="bbox 135 3251 1024 3332; baseline -0.006 -22"><span class='ocrx_word' id='word_1_269' title='bbox 135 3253 242 3314; x_wconf 88' lang='lat' dir='ltr'><strong>simum</strong></span> <span class='ocrx_word' id='word_1_270' title='bbox 262 3253 441 3332; x_wconf 84' lang='lat' dir='ltr'><strong>Thucydidi</strong></span> <span class='ocrx_word' id='word_1_271' title='bbox 463 3253 561 3324; x_wconf 89' lang='lat' dir='ltr'><strong>credo,</strong></span> <span class='ocrx_word' id='word_1_272' title='bbox 583 3253 664 3331; x_wconf 91' lang='lat' dir='ltr'><strong>quod</strong></span> <span class='ocrx_word' id='word_1_273' title='bbox 687 3260 787 3309; x_wconf 86' lang='lat' dir='ltr'><strong>aetate</strong></span> <span class='ocrx_word' id='word_1_274' title='bbox 806 3251 962 3327; x_wconf 84' lang='lat' dir='ltr'><strong>proximus</strong></span> <span class='ocrx_word' id='word_1_275' title='bbox 987 3251 1024 3306; x_wconf 92' lang='lat' dir='ltr'><strong>de</strong></span> 
     </span>
     <span class='ocr_line' id='line_1_38' title="bbox 134 3328 1025 3414; baseline -0.018 -19"><span class='ocrx_word' id='word_1_276' title='bbox 134 3333 177 3406; x_wconf 83' lang='lat' dir='ltr'><strong>iis,</strong></span> <span class='ocrx_word' id='word_1_277' title='bbox 191 3335 244 3414; x_wconf 88' lang='lat' dir='ltr'><strong>qui</strong></span> <span class='ocrx_word' id='word_1_278' title='bbox 263 3334 393 3394; x_wconf 91' lang='lat' dir='ltr'><strong>illorum</strong></span> <span class='ocrx_word' id='word_1_279' title='bbox 414 3338 586 3408; x_wconf 88' lang='lat' dir='ltr'><strong>temporum</strong></span> <span class='ocrx_word' id='word_1_280' title='bbox 606 3329 765 3387; x_wconf 89' lang='lat' dir='ltr'><strong>historiam</strong></span> <span class='ocrx_word' id='word_1_281' title='bbox 784 3328 980 3400; x_wconf 88' lang='lat' dir='ltr'><strong>rehquerunt‚</strong></span> <span class='ocrx_word' id='word_1_282' title='bbox 995 3333 1025 3380; x_wconf 86' lang='lat' dir='ltr'><strong>et</strong></span> 
     </span>
     <span class='ocr_line' id='line_1_39' title="bbox 134 3403 1025 3493; baseline -0.022 -21"><span class='ocrx_word' id='word_1_283' title='bbox 134 3415 264 3493; x_wconf 88' lang='lat' dir='ltr'><strong>ejusdem</strong></span> <span class='ocrx_word' id='word_1_284' title='bbox 279 3410 417 3474; x_wconf 86' lang='lat' dir='ltr'><strong>civitatis</strong></span> <span class='ocrx_word' id='word_1_285' title='bbox 431 3409 499 3468; x_wconf 83' lang='lat' dir='ltr'><strong>fuit.</strong></span> <span class='ocrx_word' id='word_1_286' title='bbox 540 3408 572 3466; x_wconf 90' lang='lat' dir='ltr'><strong>Is</strong></span> <span class='ocrx_word' id='word_1_287' title='bbox 586 3416 690 3466; x_wconf 89' lang='lat' dir='ltr'><strong>autem</strong></span> <span class='ocrx_word' id='word_1_288' title='bbox 703 3405 756 3475; x_wconf 90' lang='lat' dir='ltr'><strong>ait,</strong></span> <span class='ocrx_word' id='word_1_289' title='bbox 769 3404 810 3460; x_wconf 92' lang='lat' dir='ltr'><strong>ad</strong></span> <span class='ocrx_word' id='word_1_290' title='bbox 820 3403 1025 3458; x_wconf 81' lang='lat' dir='ltr'><strong>Artaxerxem</strong></span> 
     </span>
    </p>
   </div>
   <div class='ocr_carea' id='block_1_3' title="bbox 133 3473 1079 3640">
    <p class='ocr_par' dir='ltr' id='par_1_3' title="bbox 133 3473 1079 3640">
     <span class='ocr_line' id='line_1_40' title="bbox 134 3473 1026 3567; baseline -0.033 -13"><span class='ocrx_word' id='word_1_291' title='bbox 134 3513 201 3554; x_wconf 87' lang='lat' dir='ltr'><strong>eum</strong></span> <span class='ocrx_word' id='word_1_292' title='bbox 209 3494 336 3560; x_wconf 83' lang='lat' dir='ltr'><strong>venisse,</strong></span> <span class='ocrx_word' id='word_1_293' title='bbox 348 3499 443 3567; x_wconf 85' lang='lat' dir='ltr'><strong>atque</strong></span> <span class='ocrx_word' id='word_1_294' title='bbox 451 3487 498 3544; x_wconf 93' lang='lat' dir='ltr'><strong>his</strong></span> <span class='ocrx_word' id='word_1_295' title='bbox 506 3485 608 3546; x_wconf 84' lang='lat' dir='ltr'><strong>verbis</strong></span> <span class='ocrx_word' id='word_1_296' title='bbox 617 3481 775 3558; x_wconf 87' lang='lat' dir='ltr'><strong>epistolam</strong></span> <span class='ocrx_word' id='word_1_297' title='bbox 784 3477 911 3560; x_wconf 75' lang='lat' dir='ltr'><strong>misisse:</strong></span> <span class='ocrx_word' id='word_1_298' title='bbox 927 3473 1026 3527; x_wconf 78' lang='lat' dir='ltr'><strong>“The-</strong></span> 
     </span>
     <span class='ocr_line' id='line_1_41' title="bbox 133 3541 1079 3640; baseline -0.045 -3"><span class='ocrx_word' id='word_1_299' title='bbox 133 3574 282 3634; x_wconf 79' lang='lat' dir='ltr'><strong>mistocles</strong></span> <span class='ocrx_word' id='word_1_300' title='bbox 295 3569 371 3633; x_wconf 87' lang='lat' dir='ltr'><strong>veni</strong></span> <span class='ocrx_word' id='word_1_301' title='bbox 386 3567 427 3626; x_wconf 90' lang='lat' dir='ltr'><strong>ad</strong></span> <span class='ocrx_word' id='word_1_302' title='bbox 441 3574 482 3636; x_wconf 86' lang='lat' dir='ltr'><strong>te,</strong></span> <span class='ocrx_word' id='word_1_303' title='bbox 490 3563 544 3640; x_wconf 90' lang='lat' dir='ltr'><strong>qui</strong></span> <span class='ocrx_word' id='word_1_304' title='bbox 557 3561 693 3640; x_wconf 90' lang='lat' dir='ltr'><strong>plurima</strong></span> <span class='ocrx_word' id='word_1_305' title='bbox 706 3554 789 3611; x_wconf 90' lang='lat' dir='ltr'><strong>mala</strong></span> <span class='ocrx_word' id='word_1_306' title='bbox 802 3566 937 3608; x_wconf 83' lang='lat' dir='ltr'><strong>ommam</strong></span> <span class='ocrx_word' id='word_1_307' title='bbox 950 3545 1026 3633; x_wconf 59' lang='lat' dir='ltr'><strong>Gfra-</strong></span> <span class='ocrx_word' id='word_1_308' title='bbox 1039 3541 1079 3595; x_wconf 83' lang='lat'><strong>40</strong></span> 
     </span>
    </p>
   </div>
   <div class='ocr_carea' id='block_1_4' title="bbox 0 0 1242 3792">
    <p class='ocr_par' dir='ltr' id='par_1_4' title="bbox 0 0 1242 3792">
     <span class='ocr_line' id='line_1_42' title="bbox 0 0 1242 3792; baseline 0 1"><span class='ocrx_word' id='word_1_309' title='bbox 0 0 1242 3792; x_wconf 95' lang='lat' dir='ltr'><strong> </strong></span> 
     </span>
    </p>
   </div>
  </div>
 </body>
</html>
