2475 3792
443 242 729 291 rancunnrn.
766 212 770 218 ’

170 569 234 642 EX
257 569 410 642 LIBRO
434 570 499 642 DE
522 569 712 642 LATINIS
727 569 1007 646 HISTORICIS.

246 759 300 804 EX
323 758 500 806 EPISTULA
522 759 768 806 uanccfloauu
791 760 934 809 MATRIS.

484 875 699 915 —wsoeoo—

186 961 290 1024 Drcun
313 963 456 1042 pulcrum
481 982 543 1022 esse
566 962 702 1023 inimicos
729 961 841 1024 ulcisci.
883 961 921 1023 Id
942 985 1038 1044 neque

147 1045 244 1124 majus
257 1064 357 1122 neque
371 1042 508 1122 pulcrius
522 1043 663 1121 cuiquam
676 1053 766 1122 atque
787 1063 848 1104 esse
868 1044 944 1103 mihi
958 1045 1038 1106 vide·

147 1133 215 1196 tur3
235 1123 288 1184 sed
302 1124 329 1183 si
342 1123 433 1184 liceat
447 1143 480 1183 re
493 1123 618 1203 publica
638 1122 723 1184 salva
743 1144 779 1183 ea
793 1124 938 1204 persequi.
979 1125 1038 1186 Sed

147 1213 298 1283 quatenus
308 1203 340 1263 id
349 1203 413 1263 fieri
422 1224 486 1264 non
501 1213 606 1282 potest,
617 1203 714 1263 multo
728 1214 862 1282 tempore
877 1204 1039 1285 multisque

147 1284 287 1364 partibus
301 1284 415 1344 inimici
429 1285 525 1344 nostri
541 1304 600 1344 non
615 1282 765 1362 peribunt,
780 1292 872 1424 atque
892 1285 937 1344 uti
958 1306 1039 1346 nunc
1073 1281 1093 1342 5

147 1373 227 1436 sunt,
239 1372 330 1424 erunt
343 1365 452 1444 potius,
464 1384 557 1443 quam
571 1364 750 1444 respublica
761 1385 816 1445 pro
840 1365 939 1445 igetur
949 1375 1039 1446 atque

147 1454 261 1525 pereat

420 1574 549 1620 EADEM
570 1575 658 1622 ALIO
680 1576 778 1625 Loco·
833 1587 839 1601 ’

186 1679 319 1742 Vanum
331 1679 484 1758 conceptis
497 1679 630 1765 dejerare
643 1677 749 1752 ausim,
763 1688 972 1760 praeterquam
988 1680 1041 1761 qui

146 1759 305 1822 Tiberium
326 1760 501 1821 Gracchum
528 1767 683 1832 necarunt,
708 1761 857 1820 neminem
884 1761 1040 1822 inimicum

146 1850 270 1903 tautum
283 1841 439 1902 molestiae
451 1847 631 1920 tantumque
650 1839 762 1899 laboris
782 1850 930 1919 quantum
951 1851 981 1901 te
1001 1842 1040 1902 ob
1056 1845 1094 1906 10

146 1924 203 1983 has
227 1943 275 1982 res
301 1922 377 1981 mihi
404 1919 579 1992 tradidisse;
606 1940 695 1999 quern
720 1921 878 2000 oportebat
904 1923 1040 1983 omnium

146 2025 263 2078 eorum,
283 2023 358 2082 quos
384 2002 514 2062 antehac
541 2000 636 2061 habui
665 2000 783 2074 liberos,
808 2011 909 2082 partes
936 2024 1040 2064 eorum

146 2086 280 2146 tolerare
292 2093 384 2163 atque
397 2103 513 2155 curare,
526 2093 562 2142 ut
575 2104 668 2162 quam
689 2082 848 2141 minimum
864 2083 1040 2144 sollicitudi-

146 2167 194 2227 nis
215 2167 249 2224 in
268 2174 389 2225 senecta
409 2163 560 2236 haberem,
574 2164 688 2243 utique,
702 2183 908 2242 quaecumque
928 2185 1040 2243 ageres,

145 2268 183 2307 ea
196 2245 293 2307 velles
314 2244 449 2304 maxime
470 2244 545 2302 mihi
567 2243 695 2322 placere,
710 2252 800 2322 atque
822 2245 867 2303 uti
890 2245 973 2304 nefas
988 2246 1038 2305 ha·
1055 2249 1094 2307 15

145 2326 234 2388 bercs
257 2346 359 2386 rerum
378 2325 528 2403 majorum
552 2324 714 2384 adversum
739 2344 837 2383 meam
861 2325 1040 2385 sententiam

146 2407 316 2486 quidquam
338 2406 454 2476 facere3
476 2405 652 2482 praesertim
674 2404 759 2475 mihi,
783 2405 832 2464 cui
854 2425 950 2484 parva
971 2425 1041 2484 pars

145 2490 232 2550 vitae
254 2495 409 2565 superest·
439 2484 488 2544 Ne
509 2485 541 2544 id
563 2485 687 2564 quidem
710 2494 773 2544 tam
797 2485 887 2546 breve
908 2485 1041 2563 spatium

145 2576 247 2648 potest
260 2566 415 2646 opitulari,
430 2566 503 2644 quin
517 2574 547 2625 et
561 2565 637 2623 mihi
651 2565 808 2625 adversere
822 2575 852 2624 et
866 2586 928 2625 rem
943 2567 1041 2644 publi-

145 2669 216 2709 cam
230 2647 392 2726 profliges?
434 2646 573 2724 Denique
587 2665 665 2724 quae
680 2665 774 2723 pausa
788 2645 865 2705 erit?
885 2647 1041 2724 ecquando
1057 2649 1095 2710 20

146 2728 264 2788 desinet
285 2727 404 2786 familia
424 2736 526 2785 nostra
539 2726 691 2784 insanire?
711 2725 866 2805 ecquando
888 2726 994 2786 modus
1014 2727 1042 2786 ei

146 2809 191 2868 rei
213 2807 318 2868 haberi
340 2807 470 2885 poterit?
490 2805 645 2884 ecquando
660 2805 828 2864 desinemus
848 2814 878 2864 et
897 2804 1042 2866 habentes

146 2899 178 2950 et
201 2888 380 2968 praebentes
403 2886 546 2945 molestiis
569 2885 730 2945 desistere?
756 2885 911 2964 ecquando
936 2905 989 2964 per
1011 2908 1043 2945 u-

146 2969 248 3030 descet
261 2967 415 3027 miscenda
429 2976 520 3044 atque
533 2965 740 3045 perturbanda
755 2985 786 3024 re
800 2965 943 3044 publica?
983 2907 1042 3026 ded

146 3050 173 3111 si
198 3049 323 3110 omnino
347 3047 378 3106 id
399 3046 464 3106 fieri
486 3067 546 3106 non
568 3055 675 3124 potest,
690 3045 742 3104 ubi
764 3065 818 3124 ego
841 3055 961 3106 mortua
982 3069 1041 3120 ero,
1057 3050 1095 3109 25

148 3131 244 3209 petito
258 3128 449 3188 tribunatum
462 3149 469 3199 ;
490 3147 544 3202 per
558 3146 606 3184 me
621 3125 721 3196 facitu,
736 3126 816 3202 quod
831 3125 956 3198 lubebit,
972 3148 1041 3186 cum

147 3231 204 3288 ego
217 3229 281 3268 non
295 3207 431 3267 sentiam.
473 3205 537 3267 Ubi
558 3213 678 3262 mortua
700 3224 758 3272 ero,
774 3203 946 3278 parentabis
967 3207 1042 3262 mihi

148 3300 180 3348 et
204 3287 362 3350 invocabis
384 3286 475 3344 deum
498 3292 663 3361 parentem.
706 3279 744 3336 In
768 3299 802 3336 eo
826 3289 960 3352 ternpore
981 3300 1042 3366 pon

149 3369 246 3448 pudet
269 3376 301 3427 te
325 3385 429 3424 eorum
454 3363 545 3421 deum
569 3377 672 3436 preces
695 3366 843 3431 expetere,
865 3372 938 3426 quos
957 3373 1043 3410 vivos

148 3459 243 3528 atque
271 3453 443 3526 praesentes
470 3441 591 3501 relictos
617 3444 709 3510 atque
735 3432 864 3488 desertos
896 3427 1043 3482 habueris„
1058 3425 1097 3482 30
