<?xml version="1.0" encoding="UTF-8"?>
<!DOCTYPE html PUBLIC "-//W3C//DTD XHTML 1.0 Transitional//EN"
    "http://www.w3.org/TR/xhtml1/DTD/xhtml1-transitional.dtd">
<html xmlns="http://www.w3.org/1999/xhtml" xml:lang="en" lang="en">
 <head>
  <title>
</title>
<meta http-equiv="Content-Type" content="text/html;charset=utf-8" />
  <meta name='ocr-system' content='tesseract 3.04.00' />
  <meta name='ocr-capabilities' content='ocr_page ocr_carea ocr_par ocr_line ocrx_word'/>
</head>
<body>
  <div class='ocr_page' id='page_1' title='image "./corneliinepotis27nepogoog_0084.png"; bbox 0 0 2475 3792; ppageno 0'>
   <div class='ocr_carea' id='block_1_1' title="bbox 488 212 1091 280">
    <p class='ocr_par' dir='ltr' id='par_1_1' title="bbox 488 212 1091 280">
     <span class='ocr_line' id='line_1_1' title="bbox 488 212 1091 280; baseline 0.007 -4"><span class='ocrx_word' id='word_1_1' title='bbox 488 231 705 278; x_wconf 77' lang='lat' dir='ltr'>nonanus</span> <span class='ocrx_word' id='word_1_2' title='bbox 1049 212 1091 280; x_wconf 84' lang='grc'>79</span> 
     </span>
    </p>
   </div>
   <div class='ocr_carea' id='block_1_2' title="bbox 130 383 1088 1648">
    <p class='ocr_par' dir='ltr' id='par_1_2' title="bbox 130 383 1088 1347">
     <span class='ocr_line' id='line_1_2' title="bbox 137 383 1037 466; baseline 0.004 -22"><span class='ocrx_word' id='word_1_3' title='bbox 137 383 316 464; x_wconf 76' lang='lat' dir='ltr'><strong>Agesilaum</strong></span> <span class='ocrx_word' id='word_1_4' title='bbox 330 385 391 449; x_wconf 87' lang='lat' dir='ltr'>vix</span> <span class='ocrx_word' id='word_1_5' title='bbox 407 387 483 448; x_wconf 83' lang='lat' dir='ltr'>fides</span> <span class='ocrx_word' id='word_1_6' title='bbox 497 387 580 448; x_wconf 82' lang='lat' dir='ltr'>facta</span> <span class='ocrx_word' id='word_1_7' title='bbox 593 395 646 460; x_wconf 92' lang='lat' dir='ltr'>est,</span> <span class='ocrx_word' id='word_1_8' title='bbox 660 407 755 447; x_wconf 90' lang='lat' dir='ltr'>unum</span> <span class='ocrx_word' id='word_1_9' title='bbox 769 409 832 448; x_wconf 81' lang='lat' dir='ltr'>esse</span> <span class='ocrx_word' id='word_1_10' title='bbox 851 408 891 450; x_wconf 82' lang='lat' dir='ltr'>ex</span> <span class='ocrx_word' id='word_1_11' title='bbox 910 387 968 460; x_wconf 88' lang='lat' dir='ltr'>his,</span> <span class='ocrx_word' id='word_1_12' title='bbox 984 388 1037 466; x_wconf 92' lang='lat' dir='ltr'>qui</span> 
     </span>
     <span class='ocr_line' id='line_1_3' title="bbox 136 467 1036 547; baseline 0.004 -23"><span class='ocrx_word' id='word_1_13' title='bbox 136 472 200 525; x_wconf 90' lang='lat' dir='ltr'>tum</span> <span class='ocrx_word' id='word_1_14' title='bbox 214 467 425 528; x_wconf 83' lang='lat' dir='ltr'>accubabant.</span> <span class='ocrx_word' id='word_1_15' title='bbox 469 467 533 543; x_wconf 76' lang='lat' dir='ltr'>Qui</span> <span class='ocrx_word' id='word_1_16' title='bbox 555 488 625 526; x_wconf 94' lang='lat' dir='ltr'>cum</span> <span class='ocrx_word' id='word_1_17' title='bbox 645 469 723 545; x_wconf 89' lang='lat' dir='ltr'>regis</span> <span class='ocrx_word' id='word_1_18' title='bbox 736 469 845 541; x_wconf 89' lang='lat' dir='ltr'>verbis,</span> <span class='ocrx_word' id='word_1_19' title='bbox 859 488 938 547; x_wconf 83' lang='lat' dir='ltr'>quae</span> <span class='ocrx_word' id='word_1_20' title='bbox 957 477 1036 528; x_wconf 90' lang='lat' dir='ltr'>attu-</span> 
     </span>
     <span class='ocr_line' id='line_1_4' title="bbox 134 544 1035 626; baseline 0.004 -22"><span class='ocrx_word' id='word_1_21' title='bbox 134 544 240 618; x_wconf 83' lang='lat' dir='ltr'>lerant,</span> <span class='ocrx_word' id='word_1_22' title='bbox 260 546 432 621; x_wconf 79' lang='lat' dir='ltr'>dedissent,</span> <span class='ocrx_word' id='word_1_23' title='bbox 447 547 501 607; x_wconf 91' lang='lat' dir='ltr'>ille</span> <span class='ocrx_word' id='word_1_24' title='bbox 521 557 642 626; x_wconf 88' lang='lat' dir='ltr'>praeter</span> <span class='ocrx_word' id='word_1_25' title='bbox 654 547 817 608; x_wconf 80' lang='lat' dir='ltr'><strong>vitulinam</strong></span> <span class='ocrx_word' id='word_1_26' title='bbox 837 557 868 608; x_wconf 91' lang='lat' dir='ltr'>et</span> <span class='ocrx_word' id='word_1_27' title='bbox 888 548 1035 626; x_wconf 90' lang='lat' dir='ltr'>ejusmodi</span> 
     </span>
     <span class='ocr_line' id='line_1_5' title="bbox 133 627 1033 706; baseline 0.006 -23"><span class='ocrx_word' id='word_1_28' title='bbox 133 645 244 702; x_wconf 85' lang='lat' dir='ltr'>genera</span> <span class='ocrx_word' id='word_1_29' title='bbox 268 627 405 705; x_wconf 86' lang='lat' dir='ltr'><strong>opsonii,</strong></span> <span class='ocrx_word' id='word_1_30' title='bbox 428 648 507 706; x_wconf 88' lang='lat' dir='ltr'>quae</span> <span class='ocrx_word' id='word_1_31' title='bbox 530 648 670 706; x_wconf 88' lang='lat' dir='ltr'>praesens</span> <span class='ocrx_word' id='word_1_32' title='bbox 694 636 811 706; x_wconf 89' lang='lat' dir='ltr'>tempus</span> <span class='ocrx_word' id='word_1_33' title='bbox 835 627 1033 700; x_wconf 83' lang='lat' dir='ltr'>desiderabat,</span> 
     </span>
     <span class='ocr_line' id='line_1_6' title="bbox 132 705 1088 787; baseline 0.004 -25"><span class='ocrx_word' id='word_1_34' title='bbox 132 705 209 763; x_wconf 90' lang='lat' dir='ltr'>nihil</span> <span class='ocrx_word' id='word_1_35' title='bbox 224 708 367 785; x_wconf 88' lang='lat' dir='ltr'>accepit;</span> <span class='ocrx_word' id='word_1_36' title='bbox 391 717 558 785; x_wconf 85' lang='lat' dir='ltr'>unguenta,</span> <span class='ocrx_word' id='word_1_37' title='bbox 573 727 697 768; x_wconf 87' lang='lat' dir='ltr'>coronas</span> <span class='ocrx_word' id='word_1_38' title='bbox 716 709 939 787; x_wconf 74' lang='lat' dir='ltr'>secundamque</span> <span class='ocrx_word' id='word_1_39' title='bbox 953 728 1034 767; x_wconf 89' lang='lat' dir='ltr'>men·</span> <span class='ocrx_word' id='word_1_40' title='bbox 1067 705 1088 766; x_wconf 82' lang='grc'><strong>5</strong></span> 
     </span>
     <span class='ocr_line' id='line_1_7' title="bbox 132 787 1033 868; baseline 0.004 -25"><span class='ocrx_word' id='word_1_41' title='bbox 132 803 195 843; x_wconf 89' lang='lat' dir='ltr'>sam</span> <span class='ocrx_word' id='word_1_42' title='bbox 209 787 308 847; x_wconf 89' lang='lat' dir='ltr'>servis</span> <span class='ocrx_word' id='word_1_43' title='bbox 320 787 493 866; x_wconf 88' lang='lat' dir='ltr'>dispertiit;</span> <span class='ocrx_word' id='word_1_44' title='bbox 508 797 608 847; x_wconf 91' lang='lat' dir='ltr'>cetera</span> <span class='ocrx_word' id='word_1_45' title='bbox 618 787 722 847; x_wconf 87' lang='lat' dir='ltr'>referri</span> <span class='ocrx_word' id='word_1_46' title='bbox 731 788 830 868; x_wconf 86' lang='lat' dir='ltr'>jussit.</span> <span class='ocrx_word' id='word_1_47' title='bbox 872 788 943 865; x_wconf 78' lang='lat' dir='ltr'>Quo</span> <span class='ocrx_word' id='word_1_48' title='bbox 953 787 1033 847; x_wconf 86' lang='lat' dir='ltr'>facto</span> 
     </span>
     <span class='ocr_line' id='line_1_8' title="bbox 131 865 1033 947; baseline 0.003 -25"><span class='ocrx_word' id='word_1_49' title='bbox 131 883 200 923; x_wconf 91' lang='lat' dir='ltr'>eum</span> <span class='ocrx_word' id='word_1_50' title='bbox 214 865 348 926; x_wconf 90' lang='lat' dir='ltr'>barbari</span> <span class='ocrx_word' id='word_1_51' title='bbox 363 867 463 946; x_wconf 87' lang='lat' dir='ltr'>magis</span> <span class='ocrx_word' id='word_1_52' title='bbox 483 867 575 927; x_wconf 89' lang='lat' dir='ltr'>etiam</span> <span class='ocrx_word' id='word_1_53' title='bbox 596 876 848 946; x_wconf 89' lang='lat' dir='ltr'>contempserunt,</span> <span class='ocrx_word' id='word_1_54' title='bbox 863 868 944 947; x_wconf 94' lang='lat' dir='ltr'>quod</span> <span class='ocrx_word' id='word_1_55' title='bbox 964 887 1033 926; x_wconf 91' lang='lat' dir='ltr'>eum</span> 
     </span>
     <span class='ocr_line' id='line_1_9' title="bbox 130 943 1033 1025; baseline 0.002 -22"><span class='ocrx_word' id='word_1_56' title='bbox 130 943 309 1022; x_wconf 83' lang='lat' dir='ltr'>ignorantia</span> <span class='ocrx_word' id='word_1_57' title='bbox 323 947 482 1007; x_wconf 88' lang='lat' dir='ltr'>bonarum</span> <span class='ocrx_word' id='word_1_58' title='bbox 492 968 593 1007; x_wconf 87' lang='lat' dir='ltr'>rerum</span> <span class='ocrx_word' id='word_1_59' title='bbox 605 946 661 1006; x_wconf 93' lang='lat' dir='ltr'>illa</span> <span class='ocrx_word' id='word_1_60' title='bbox 692 947 859 1008; x_wconf 92' lang='lat' dir='ltr'>ctissimum</span> <span class='ocrx_word' id='word_1_61' title='bbox 873 947 1033 1025; x_wconf 79' lang='lat' dir='ltr'>sumpsisse</span> 
     </span>
     <span class='ocr_line' id='line_1_10' title="bbox 131 1024 1031 1107; baseline 0.003 -24"><span class='ocrx_word' id='word_1_62' title='bbox 131 1024 382 1087; x_wconf 84' lang='lat' dir='ltr'>arbitrabantur.</span> <span class='ocrx_word' id='word_1_63' title='bbox 425 1027 488 1087; x_wconf 92' lang='lat' dir='ltr'>Hic</span> <span class='ocrx_word' id='word_1_64' title='bbox 510 1048 580 1087; x_wconf 91' lang='lat' dir='ltr'>cum</span> <span class='ocrx_word' id='word_1_65' title='bbox 602 1048 642 1087; x_wconf 86' lang='lat' dir='ltr'>ex</span> <span class='ocrx_word' id='word_1_66' title='bbox 695 1038 805 1107; x_wconf 86' lang='lat' dir='ltr'>egypto</span> <span class='ocrx_word' id='word_1_67' title='bbox 823 1036 1031 1099; x_wconf 84' lang='lat' dir='ltr'>reverteretur,</span> 
     </span>
     <span class='ocr_line' id='line_1_11' title="bbox 131 1103 1086 1186; baseline 0.004 -24"><span class='ocrx_word' id='word_1_68' title='bbox 131 1103 263 1166; x_wconf 90' lang='lat' dir='ltr'>donatus</span> <span class='ocrx_word' id='word_1_69' title='bbox 278 1128 300 1167; x_wconf 90' lang='lat' dir='ltr'>a</span> <span class='ocrx_word' id='word_1_70' title='bbox 314 1111 392 1186; x_wconf 71' lang='lat' dir='ltr'>rege</span> <span class='ocrx_word' id='word_1_71' title='bbox 406 1107 616 1168; x_wconf 83' lang='lat' dir='ltr'>Nectanabide</span> <span class='ocrx_word' id='word_1_72' title='bbox 630 1108 766 1167; x_wconf 90' lang='lat' dir='ltr'>ducentis</span> <span class='ocrx_word' id='word_1_73' title='bbox 776 1107 887 1186; x_wconf 87' lang='lat' dir='ltr'>viginti</span> <span class='ocrx_word' id='word_1_74' title='bbox 901 1106 1031 1180; x_wconf 89' lang='lat' dir='ltr'>talentis,</span> <span class='ocrx_word' id='word_1_75' title='bbox 1047 1105 1086 1166; x_wconf 92' lang='grc'>10</span> 
     </span>
     <span class='ocr_line' id='line_1_12' title="bbox 132 1186 1032 1266; baseline 0.002 -22"><span class='ocrx_word' id='word_1_76' title='bbox 132 1204 209 1263; x_wconf 90' lang='lat' dir='ltr'>quae</span> <span class='ocrx_word' id='word_1_77' title='bbox 230 1187 287 1247; x_wconf 89' lang='lat' dir='ltr'>ille</span> <span class='ocrx_word' id='word_1_78' title='bbox 312 1187 439 1247; x_wconf 88' lang='lat' dir='ltr'>muneri</span> <span class='ocrx_word' id='word_1_79' title='bbox 463 1188 576 1266; x_wconf 95' lang='lat' dir='ltr'>populo</span> <span class='ocrx_word' id='word_1_80' title='bbox 600 1209 654 1248; x_wconf 92' lang='lat' dir='ltr'>suo</span> <span class='ocrx_word' id='word_1_81' title='bbox 677 1187 772 1260; x_wconf 88' lang='lat' dir='ltr'>daret,</span> <span class='ocrx_word' id='word_1_82' title='bbox 793 1188 981 1266; x_wconf 88' lang='lat' dir='ltr'>venissetque</span> <span class='ocrx_word' id='word_1_83' title='bbox 999 1186 1032 1246; x_wconf 91' lang='lat' dir='ltr'>in</span> 
     </span>
     <span class='ocr_line' id='line_1_13' title="bbox 132 1266 1032 1347; baseline 0.002 -23"><span class='ocrx_word' id='word_1_84' title='bbox 132 1276 266 1343; x_wconf 89' lang='lat' dir='ltr'>portum,</span> <span class='ocrx_word' id='word_1_85' title='bbox 281 1268 340 1346; x_wconf 88' lang='lat' dir='ltr'>qui</span> <span class='ocrx_word' id='word_1_86' title='bbox 365 1267 500 1326; x_wconf 90' lang='lat' dir='ltr'>Menelai</span> <span class='ocrx_word' id='word_1_87' title='bbox 523 1279 657 1341; x_wconf 87' lang='lat' dir='ltr'>vocatur,</span> <span class='ocrx_word' id='word_1_88' title='bbox 673 1268 777 1347; x_wconf 89' lang='lat' dir='ltr'>jacens</span> <span class='ocrx_word' id='word_1_89' title='bbox 799 1267 879 1327; x_wconf 87' lang='lat' dir='ltr'>inter</span> <span class='ocrx_word' id='word_1_90' title='bbox 900 1266 1032 1346; x_wconf 88' lang='lat' dir='ltr'>Cyrenas</span> 
     </span>
    </p>

    <p class='ocr_par' dir='ltr' id='par_1_3' title="bbox 132 1345 1085 1648">
     <span class='ocr_line' id='line_1_14' title="bbox 133 1345 1032 1427; baseline 0.001 -23"><span class='ocrx_word' id='word_1_91' title='bbox 133 1353 163 1404; x_wconf 91' lang='lat' dir='ltr'>et</span> <span class='ocrx_word' id='word_1_92' title='bbox 182 1345 383 1427; x_wconf 87' lang='lat' dir='ltr'>Aegyptum,</span> <span class='ocrx_word' id='word_1_93' title='bbox 405 1347 437 1405; x_wconf 95' lang='lat' dir='ltr'>in</span> <span class='ocrx_word' id='word_1_94' title='bbox 458 1347 598 1406; x_wconf 91' lang='lat' dir='ltr'>morbum</span> <span class='ocrx_word' id='word_1_95' title='bbox 620 1348 785 1426; x_wconf 91' lang='lat' dir='ltr'>implicitus</span> <span class='ocrx_word' id='word_1_96' title='bbox 808 1347 941 1407; x_wconf 81' lang='lat' dir='ltr'>decessit</span> <span class='ocrx_word' id='word_1_97' title='bbox 982 1345 1032 1406; x_wconf 94' lang='lat' dir='ltr'>Ibi</span> 
     </span>
     <span class='ocr_line' id='line_1_15' title="bbox 132 1427 1031 1506; baseline 0.004 -24"><span class='ocrx_word' id='word_1_98' title='bbox 132 1444 202 1484; x_wconf 89' lang='lat' dir='ltr'>eum</span> <span class='ocrx_word' id='word_1_99' title='bbox 227 1429 336 1500; x_wconf 89' lang='lat' dir='ltr'>amici,</span> <span class='ocrx_word' id='word_1_100' title='bbox 359 1448 419 1506; x_wconf 92' lang='lat' dir='ltr'>quo</span> <span class='ocrx_word' id='word_1_101' title='bbox 441 1427 583 1505; x_wconf 83' lang='lat' dir='ltr'>Spartam</span> <span class='ocrx_word' id='word_1_102' title='bbox 606 1427 726 1488; x_wconf 88' lang='lat' dir='ltr'>facilius</span> <span class='ocrx_word' id='word_1_103' title='bbox 749 1427 881 1505; x_wconf 83' lang='lat' dir='ltr'>perferre</span> <span class='ocrx_word' id='word_1_104' title='bbox 904 1435 1031 1505; x_wconf 87' lang='lat' dir='ltr'>possent,</span> 
     </span>
     <span class='ocr_line' id='line_1_16' title="bbox 135 1503 1085 1587; baseline 0 -23"><span class='ocrx_word' id='word_1_105' title='bbox 135 1505 215 1582; x_wconf 92' lang='lat' dir='ltr'>quod</span> <span class='ocrx_word' id='word_1_106' title='bbox 229 1508 295 1566; x_wconf 87' lang='lat' dir='ltr'>mel</span> <span class='ocrx_word' id='word_1_107' title='bbox 311 1528 376 1567; x_wconf 92' lang='lat' dir='ltr'>non</span> <span class='ocrx_word' id='word_1_108' title='bbox 390 1506 554 1580; x_wconf 90' lang='lat' dir='ltr'>habebant,</span> <span class='ocrx_word' id='word_1_109' title='bbox 569 1528 638 1568; x_wconf 85' lang='lat' dir='ltr'>cera</span> <span class='ocrx_word' id='word_1_110' title='bbox 659 1507 919 1568; x_wconf 83' lang='lat' dir='ltr'>circumfuderunt</span> <span class='ocrx_word' id='word_1_111' title='bbox 940 1516 1032 1587; x_wconf 89' lang='lat' dir='ltr'>atque</span> <span class='ocrx_word' id='word_1_112' title='bbox 1047 1503 1085 1565; x_wconf 81' lang='lat'>15</span> 
     </span>
     <span class='ocr_line' id='line_1_17' title="bbox 134 1582 589 1648; baseline 0.011 -6"><span class='ocrx_word' id='word_1_113' title='bbox 134 1582 178 1644; x_wconf 91' lang='lat' dir='ltr'>ita</span> <span class='ocrx_word' id='word_1_114' title='bbox 191 1587 325 1648; x_wconf 91' lang='lat' dir='ltr'>domum</span> <span class='ocrx_word' id='word_1_115' title='bbox 339 1587 520 1647; x_wconf 79' lang='lat' dir='ltr'>retulerunt</span> <span class='ocrx_word' id='word_1_116' title='bbox 582 1621 589 1633; x_wconf 92' lang='lat'><strong>·</strong></span> 
     </span>
    </p>
   </div>
   <div class='ocr_carea' id='block_1_3' title="bbox 445 1811 721 1823">
    <p class='ocr_par' dir='ltr' id='par_1_4' title="bbox 445 1811 721 1823">
     <span class='ocr_line' id='line_1_18' title="bbox 445 1811 721 1823; baseline -0.004 0"><span class='ocrx_word' id='word_1_117' title='bbox 445 1811 721 1823; x_wconf 70' lang='lat'>——-—-—</span> 
     </span>
    </p>
   </div>
   <div class='ocr_carea' id='block_1_4' title="bbox 332 2017 843 2093">
    <p class='ocr_par' dir='ltr' id='par_1_5' title="bbox 332 2017 843 2093">
     <span class='ocr_line' id='line_1_19' title="bbox 332 2017 843 2093; baseline 0.002 -1"><span class='ocrx_word' id='word_1_118' title='bbox 332 2017 843 2093; x_wconf 77' lang='lat' dir='ltr'>XVIH.EUMaNus</span> 
     </span>
    </p>
   </div>
   <div class='ocr_carea' id='block_1_5' title="bbox 484 2185 698 2226">
    <p class='ocr_par' dir='ltr' id='par_1_6' title="bbox 484 2185 698 2226">
     <span class='ocr_line' id='line_1_20' title="bbox 484 2185 698 2226; baseline 0 -8"><span class='ocrx_word' id='word_1_119' title='bbox 484 2185 698 2226; x_wconf 57' lang='lat' dir='ltr'>——oossozoo—</span> 
     </span>
    </p>
   </div>
   <div class='ocr_carea' id='block_1_6' title="bbox 142 2305 1089 3507">
    <p class='ocr_par' dir='ltr' id='par_1_7' title="bbox 142 2305 1089 3507">
     <span class='ocr_line' id='line_1_21' title="bbox 181 2305 1032 2386; baseline 0.004 -18"><span class='ocrx_word' id='word_1_120' title='bbox 181 2305 207 2370; x_wconf 89' lang='grc' dir='ltr'>Ι.</span> <span class='ocrx_word' id='word_1_121' title='bbox 229 2308 398 2371; x_wconf 77' lang='lat' dir='ltr'>Eumnuas</span> <span class='ocrx_word' id='word_1_122' title='bbox 409 2305 586 2367; x_wconf 80' lang='lat' dir='ltr'>Cardianus.</span> <span class='ocrx_word' id='word_1_123' title='bbox 621 2306 725 2386; x_wconf 90' lang='lat' dir='ltr'>Hujus</span> <span class='ocrx_word' id='word_1_124' title='bbox 737 2307 763 2367; x_wconf 93' lang='lat' dir='ltr'>si</span> <span class='ocrx_word' id='word_1_125' title='bbox 773 2307 881 2369; x_wconf 84' lang='lat' dir='ltr'>virtuti</span> <span class='ocrx_word' id='word_1_126' title='bbox 913 2329 948 2369; x_wconf 90' lang='lat' dir='ltr'>ar</span> <span class='ocrx_word' id='word_1_127' title='bbox 959 2309 1032 2371; x_wconf 90' lang='lat' dir='ltr'>data</span> 
     </span>
     <span class='ocr_line' id='line_1_22' title="bbox 142 2388 1032 2467; baseline 0 -18"><span class='ocrx_word' id='word_1_128' title='bbox 142 2400 218 2451; x_wconf 75' lang='lat' dir='ltr'>esset</span> <span class='ocrx_word' id='word_1_129' title='bbox 231 2393 368 2461; x_wconf 85' lang='lat' dir='ltr'>fortuna,</span> <span class='ocrx_word' id='word_1_130' title='bbox 379 2409 440 2447; x_wconf 93' lang='lat' dir='ltr'>non</span> <span class='ocrx_word' id='word_1_131' title='bbox 455 2388 507 2446; x_wconf 85' lang='lat' dir='ltr'>ille</span> <span class='ocrx_word' id='word_1_132' title='bbox 521 2388 643 2467; x_wconf 92' lang='lat' dir='ltr'>quidem</span> <span class='ocrx_word' id='word_1_133' title='bbox 657 2389 763 2467; x_wconf 87' lang='lat' dir='ltr'>major,</span> <span class='ocrx_word' id='word_1_134' title='bbox 773 2389 825 2448; x_wconf 92' lang='lat' dir='ltr'>sed</span> <span class='ocrx_word' id='word_1_135' title='bbox 838 2408 869 2447; x_wconf 92' lang='lat' dir='ltr'>m</span> <span class='ocrx_word' id='word_1_136' title='bbox 904 2400 935 2449; x_wconf 95' lang='lat' dir='ltr'>to</span> <span class='ocrx_word' id='word_1_137' title='bbox 950 2391 1032 2450; x_wconf 89' lang='lat' dir='ltr'>illus-</span> 
     </span>
     <span class='ocr_line' id='line_1_23' title="bbox 142 2468 1031 2548; baseline 0.003 -22"><span class='ocrx_word' id='word_1_138' title='bbox 142 2469 218 2530; x_wconf 82' lang='lat' dir='ltr'>trior</span> <span class='ocrx_word' id='word_1_139' title='bbox 232 2480 327 2548; x_wconf 86' lang='lat' dir='ltr'>atque</span> <span class='ocrx_word' id='word_1_140' title='bbox 341 2469 434 2527; x_wconf 88' lang='lat' dir='ltr'>etiam</span> <span class='ocrx_word' id='word_1_141' title='bbox 450 2468 641 2540; x_wconf 84' lang='lat' dir='ltr'>honoratior3</span> <span class='ocrx_word' id='word_1_142' title='bbox 662 2469 743 2547; x_wconf 93' lang='lat' dir='ltr'>quod</span> <span class='ocrx_word' id='word_1_143' title='bbox 758 2489 882 2548; x_wconf 87' lang='lat' dir='ltr'>magnos</span> <span class='ocrx_word' id='word_1_144' title='bbox 896 2470 1031 2530; x_wconf 91' lang='lat' dir='ltr'>homines</span> 
     </span>
     <span class='ocr_line' id='line_1_24' title="bbox 144 2547 1085 2629; baseline 0.001 -23"><span class='ocrx_word' id='word_1_145' title='bbox 144 2549 257 2610; x_wconf 90' lang='lat' dir='ltr'>virtute</span> <span class='ocrx_word' id='word_1_146' title='bbox 279 2549 432 2619; x_wconf 90' lang='lat' dir='ltr'>metimur,</span> <span class='ocrx_word' id='word_1_147' title='bbox 447 2555 507 2606; x_wconf 87' lang='lat' dir='ltr'>non</span> <span class='ocrx_word' id='word_1_148' title='bbox 521 2548 651 2608; x_wconf 84' lang='lat' dir='ltr'>fortuna.</span> <span class='ocrx_word' id='word_1_149' title='bbox 693 2548 775 2607; x_wconf 90' lang='lat' dir='ltr'>Nam</span> <span class='ocrx_word' id='word_1_150' title='bbox 790 2569 858 2608; x_wconf 91' lang='lat' dir='ltr'>cum</span> <span class='ocrx_word' id='word_1_151' title='bbox 872 2558 955 2609; x_wconf 88' lang='lat' dir='ltr'>aetas</span> <span class='ocrx_word' id='word_1_152' title='bbox 968 2551 1032 2629; x_wconf 88' lang='lat' dir='ltr'>ejus</span> <span class='ocrx_word' id='word_1_153' title='bbox 1046 2547 1085 2607; x_wconf 83' lang='lat'>20</span> 
     </span>
     <span class='ocr_line' id='line_1_25' title="bbox 144 2626 1031 2705; baseline 0.005 -20"><span class='ocrx_word' id='word_1_154' title='bbox 144 2626 298 2688; x_wconf 86' lang='lat' dir='ltr'>incidisset</span> <span class='ocrx_word' id='word_1_155' title='bbox 312 2629 344 2687; x_wconf 94' lang='lat' dir='ltr'>in</span> <span class='ocrx_word' id='word_1_156' title='bbox 359 2648 395 2686; x_wconf 91' lang='lat' dir='ltr'>ea</span> <span class='ocrx_word' id='word_1_157' title='bbox 409 2636 553 2705; x_wconf 87' lang='lat' dir='ltr'>tempora,</span> <span class='ocrx_word' id='word_1_158' title='bbox 565 2628 674 2705; x_wconf 90' lang='lat' dir='ltr'>quibus</span> <span class='ocrx_word' id='word_1_159' title='bbox 688 2627 868 2688; x_wconf 79' lang='lat' dir='ltr'>Macedones</span> <span class='ocrx_word' id='word_1_160' title='bbox 882 2628 1031 2703; x_wconf 89' lang='lat' dir='ltr'>florerent,</span> 
     </span>
     <span class='ocr_line' id='line_1_26' title="bbox 145 2707 1032 2788; baseline 0.002 -20"><span class='ocrx_word' id='word_1_161' title='bbox 145 2711 278 2769; x_wconf 91' lang='lat' dir='ltr'>multum</span> <span class='ocrx_word' id='word_1_162' title='bbox 301 2708 329 2768; x_wconf 92' lang='lat' dir='ltr'>ei</span> <span class='ocrx_word' id='word_1_163' title='bbox 352 2707 486 2767; x_wconf 87' lang='lat' dir='ltr'>detraxit</span> <span class='ocrx_word' id='word_1_164' title='bbox 504 2707 582 2766; x_wconf 83' lang='lat' dir='ltr'>inter</span> <span class='ocrx_word' id='word_1_165' title='bbox 605 2727 654 2766; x_wconf 88' lang='lat' dir='ltr'>eos</span> <span class='ocrx_word' id='word_1_166' title='bbox 675 2708 800 2780; x_wconf 85' lang='lat' dir='ltr'>viventi,</span> <span class='ocrx_word' id='word_1_167' title='bbox 814 2709 894 2788; x_wconf 94' lang='lat' dir='ltr'>quod</span> <span class='ocrx_word' id='word_1_168' title='bbox 915 2708 1032 2770; x_wconf 90' lang='lat' dir='ltr'>alienae</span> 
     </span>
     <span class='ocr_line' id='line_1_27' title="bbox 145 2786 1032 2868; baseline 0.002 -20"><span class='ocrx_word' id='word_1_169' title='bbox 145 2799 211 2850; x_wconf 89' lang='lat' dir='ltr'>erat</span> <span class='ocrx_word' id='word_1_170' title='bbox 225 2788 377 2860; x_wconf 79' lang='lat' dir='ltr'>civitatis3</span> <span class='ocrx_word' id='word_1_171' title='bbox 398 2807 494 2865; x_wconf 89' lang='lat' dir='ltr'>neque</span> <span class='ocrx_word' id='word_1_172' title='bbox 516 2786 602 2846; x_wconf 89' lang='lat' dir='ltr'>aliud</span> <span class='ocrx_word' id='word_1_173' title='bbox 625 2787 696 2847; x_wconf 93' lang='lat' dir='ltr'>huic</span> <span class='ocrx_word' id='word_1_174' title='bbox 715 2787 813 2848; x_wconf 85' lang='lat' dir='ltr'>defuit</span> <span class='ocrx_word' id='word_1_175' title='bbox 834 2810 926 2868; x_wconf 89' lang='lat' dir='ltr'>quam</span> <span class='ocrx_word' id='word_1_176' title='bbox 946 2811 1032 2868; x_wconf 81' lang='lat' dir='ltr'>gene</span> 
     </span>
     <span class='ocr_line' id='line_1_28' title="bbox 145 2867 1032 2949; baseline 0.003 -21"><span class='ocrx_word' id='word_1_177' title='bbox 145 2888 212 2930; x_wconf 88' lang='lat' dir='ltr'>rosa</span> <span class='ocrx_word' id='word_1_178' title='bbox 232 2869 288 2928; x_wconf 93' lang='lat' dir='ltr'>stir</span> <span class='ocrx_word' id='word_1_179' title='bbox 311 2889 332 2928; x_wconf 91' lang='lat' dir='ltr'>s.</span> <span class='ocrx_word' id='word_1_180' title='bbox 375 2867 443 2926; x_wconf 89' lang='lat' dir='ltr'>Etsi</span> <span class='ocrx_word' id='word_1_181' title='bbox 457 2867 510 2926; x_wconf 92' lang='lat' dir='ltr'>ille</span> <span class='ocrx_word' id='word_1_182' title='bbox 524 2867 687 2927; x_wconf 84' lang='lat' dir='ltr'>domestico</span> <span class='ocrx_word' id='word_1_183' title='bbox 706 2888 823 2929; x_wconf 92' lang='lat' dir='ltr'>summo</span> <span class='ocrx_word' id='word_1_184' title='bbox 836 2891 945 2949; x_wconf 84' lang='lat' dir='ltr'>genere</span> <span class='ocrx_word' id='word_1_185' title='bbox 958 2879 1032 2944; x_wconf 86' lang='lat' dir='ltr'>erat,</span> 
     </span>
     <span class='ocr_line' id='line_1_29' title="bbox 144 2947 1086 3029; baseline -0.004 -19"><span class='ocrx_word' id='word_1_186' title='bbox 144 2957 247 3010; x_wconf 88' lang='lat' dir='ltr'>tamen</span> <span class='ocrx_word' id='word_1_187' title='bbox 308 2947 454 3007; x_wconf 90' lang='lat' dir='ltr'>acedones</span> <span class='ocrx_word' id='word_1_188' title='bbox 474 2968 543 3006; x_wconf 90' lang='lat' dir='ltr'>eum</span> <span class='ocrx_word' id='word_1_189' title='bbox 564 2947 622 3007; x_wconf 93' lang='lat' dir='ltr'>sibi</span> <span class='ocrx_word' id='word_1_190' title='bbox 642 2948 807 3027; x_wconf 90' lang='lat' dir='ltr'>aliquando</span> <span class='ocrx_word' id='word_1_191' title='bbox 826 2951 970 3029; x_wconf 90' lang='lat' dir='ltr'>anteponi</span> <span class='ocrx_word' id='word_1_192' title='bbox 990 2951 1033 3009; x_wconf 92' lang='lat' dir='ltr'>in·</span> <span class='ocrx_word' id='word_1_193' title='bbox 1047 2947 1086 3007; x_wconf 81' lang='lat'>25</span> 
     </span>
     <span class='ocr_line' id='line_1_30' title="bbox 144 3028 1033 3108; baseline 0.001 -19"><span class='ocrx_word' id='word_1_194' title='bbox 144 3029 237 3108; x_wconf 87' lang='lat' dir='ltr'>digne</span> <span class='ocrx_word' id='word_1_195' title='bbox 250 3028 406 3098; x_wconf 88' lang='lat' dir='ltr'>ferebant;</span> <span class='ocrx_word' id='word_1_196' title='bbox 427 3047 524 3106; x_wconf 89' lang='lat' dir='ltr'>neque</span> <span class='ocrx_word' id='word_1_197' title='bbox 537 3036 639 3086; x_wconf 90' lang='lat' dir='ltr'>tamen</span> <span class='ocrx_word' id='word_1_198' title='bbox 653 3048 714 3087; x_wconf 92' lang='lat' dir='ltr'>non</span> <span class='ocrx_word' id='word_1_199' title='bbox 728 3029 943 3107; x_wconf 87' lang='lat' dir='ltr'>patiebantur..</span> <span class='ocrx_word' id='word_1_200' title='bbox 958 3029 1033 3090; x_wconf 87' lang='lat' dir='ltr'>Vin-</span> 
     </span>
     <span class='ocr_line' id='line_1_31' title="bbox 145 3107 1033 3186; baseline -0.001 -16"><span class='ocrx_word' id='word_1_201' title='bbox 145 3110 233 3170; x_wconf 85' lang='lat' dir='ltr'>cebat</span> <span class='ocrx_word' id='word_1_202' title='bbox 246 3109 329 3167; x_wconf 90' lang='lat' dir='ltr'>enim</span> <span class='ocrx_word' id='word_1_203' title='bbox 344 3127 446 3166; x_wconf 86' lang='lat' dir='ltr'>omnes</span> <span class='ocrx_word' id='word_1_204' title='bbox 467 3128 548 3178; x_wconf 87' lang='lat' dir='ltr'>cura,</span> <span class='ocrx_word' id='word_1_205' title='bbox 563 3107 733 3184; x_wconf 78' lang='lat' dir='ltr'>vigilantia,</span> <span class='ocrx_word' id='word_1_206' title='bbox 748 3110 903 3186; x_wconf 90' lang='lat' dir='ltr'>patientia,</span> <span class='ocrx_word' id='word_1_207' title='bbox 918 3108 1033 3169; x_wconf 90' lang='lat' dir='ltr'>callidi-</span> 
     </span>
     <span class='ocr_line' id='line_1_32' title="bbox 144 3186 1033 3265; baseline -0.002 -15"><span class='ocrx_word' id='word_1_208' title='bbox 144 3197 207 3250; x_wconf 83' lang='lat' dir='ltr'>tate</span> <span class='ocrx_word' id='word_1_209' title='bbox 221 3197 251 3249; x_wconf 91' lang='lat' dir='ltr'>et</span> <span class='ocrx_word' id='word_1_210' title='bbox 265 3187 420 3248; x_wconf 89' lang='lat' dir='ltr'>celeritate</span> <span class='ocrx_word' id='word_1_211' title='bbox 434 3186 555 3265; x_wconf 84' lang='lat' dir='ltr'>ingenii.</span> <span class='ocrx_word' id='word_1_212' title='bbox 598 3187 661 3245; x_wconf 92' lang='lat' dir='ltr'>Hic</span> <span class='ocrx_word' id='word_1_213' title='bbox 681 3187 973 3265; x_wconf 87' lang='lat' dir='ltr'>peradolescentulus</span> <span class='ocrx_word' id='word_1_214' title='bbox 993 3188 1033 3248; x_wconf 88' lang='lat' dir='ltr'>ad</span> 
     </span>
     <span class='ocr_line' id='line_1_33' title="bbox 146 3265 1034 3344; baseline -0.007 -15"><span class='ocrx_word' id='word_1_215' title='bbox 146 3269 312 3330; x_wconf 86' lang='lat' dir='ltr'>amicitiam</span> <span class='ocrx_word' id='word_1_216' title='bbox 328 3268 452 3326; x_wconf 87' lang='lat' dir='ltr'>accessit</span> <span class='ocrx_word' id='word_1_217' title='bbox 473 3267 619 3344; x_wconf 87' lang='lat' dir='ltr'>Philippi,</span> <span class='ocrx_word' id='word_1_218' title='bbox 636 3265 791 3342; x_wconf 88' lang='lat' dir='ltr'>Amyntae</span> <span class='ocrx_word' id='word_1_219' title='bbox 810 3266 876 3335; x_wconf 90' lang='lat' dir='ltr'>filii,</span> <span class='ocrx_word' id='word_1_220' title='bbox 890 3265 1034 3341; x_wconf 88' lang='lat' dir='ltr'>brevique</span> 
     </span>
     <span class='ocr_line' id='line_1_34' title="bbox 145 3337 1089 3428; baseline -0.017 -18"><span class='ocrx_word' id='word_1_221' title='bbox 145 3357 279 3428; x_wconf 87' lang='lat' dir='ltr'>tempore</span> <span class='ocrx_word' id='word_1_222' title='bbox 289 3348 322 3406; x_wconf 91' lang='lat' dir='ltr'>in</span> <span class='ocrx_word' id='word_1_223' title='bbox 335 3347 474 3404; x_wconf 90' lang='lat' dir='ltr'>intimam</span> <span class='ocrx_word' id='word_1_224' title='bbox 489 3345 628 3422; x_wconf 89' lang='lat' dir='ltr'>pervenit</span> <span class='ocrx_word' id='word_1_225' title='bbox 639 3343 885 3401; x_wconf 85' lang='lat' dir='ltr'>familiaritatem.</span> <span class='ocrx_word' id='word_1_226' title='bbox 927 3339 1036 3414; x_wconf 73' lang='lat' dir='ltr'>Fulge</span> <span class='ocrx_word' id='word_1_227' title='bbox 1049 3337 1089 3394; x_wconf 83' lang='lat'>30</span> 
     </span>
     <span class='ocr_line' id='line_1_35' title="bbox 147 3415 1037 3507; baseline -0.025 -16"><span class='ocrx_word' id='word_1_228' title='bbox 147 3428 198 3492; x_wconf 82' lang='lat' dir='ltr'>bat</span> <span class='ocrx_word' id='word_1_229' title='bbox 206 3430 287 3489; x_wconf 87' lang='lat' dir='ltr'>enim</span> <span class='ocrx_word' id='word_1_230' title='bbox 293 3429 363 3507; x_wconf 89' lang='lat' dir='ltr'>jam</span> <span class='ocrx_word' id='word_1_231' title='bbox 372 3425 404 3483; x_wconf 91' lang='lat' dir='ltr'>in</span> <span class='ocrx_word' id='word_1_232' title='bbox 414 3423 638 3484; x_wconf 87' lang='lat' dir='ltr'>adolescentulo</span> <span class='ocrx_word' id='word_1_233' title='bbox 647 3421 763 3478; x_wconf 90' lang='lat' dir='ltr'>indoles</span> <span class='ocrx_word' id='word_1_234' title='bbox 770 3419 901 3479; x_wconf 82' lang='lat' dir='ltr'>virtutis</span> <span class='ocrx_word' id='word_1_235' title='bbox 928 3415 1037 3488; x_wconf 88' lang='lat' dir='ltr'>Itaque</span> 
     </span>
    </p>
   </div>
   <div class='ocr_carea' id='block_1_7' title="bbox 0 0 1247 3792">
    <p class='ocr_par' dir='ltr' id='par_1_8' title="bbox 0 0 1247 3792">
     <span class='ocr_line' id='line_1_36' title="bbox 0 0 1247 3792; baseline 0 0"><span class='ocrx_word' id='word_1_236' title='bbox 0 0 1247 3792; x_wconf 95' lang='lat' dir='ltr'> </span> 
     </span>
    </p>
   </div>
  </div>
 </body>
</html>
