2475 3792
126 251 169 315 24
406 264 617 314 connum
646 265 841 312 narcara.

180 432 225 485 est
246 423 399 497 Aristidis,
423 432 459 484 ut
482 443 585 483 omnes
608 423 671 482 fere
694 422 831 483 civitates
855 420 1002 483 Graeciae
1026 421 1071 483 ad

180 503 414 566 Atheniensium
432 504 604 565 societatem
625 523 656 562 se
676 503 865 581 applicarent
878 511 909 562 et
921 503 1072 564 adversus

181 584 325 646 barbaros
339 586 393 645 hos
407 585 498 644 duces
511 583 677 662 deligerent
690 582 756 642 sibi.
784 658 787 661 1

222 666 282 727 Ill.
305 665 389 742 Quos
404 685 463 743 quo
477 663 597 724 facilius
617 661 806 741 repellerent,
820 663 845 723 si
859 662 936 723 forte
948 662 1069 723 bellum

149 743 326 807 brenovare
341 753 529 816 conarentur,
544 744 583 804 ad
604 743 712 803 classes
732 743 934 803 aedificandas
953 743 1070 803 exerci-

182 835 290 905 tusque
317 825 534 905 comparandos
568 833 717 902 quantum
750 824 896 902 pecuniae
930 843 1067 902 quaeque

183 907 290 969 civitas
304 907 398 978 daret,
413 905 562 965 Aristides
582 903 715 964 delectus
729 912 783 976 cst,
797 903 849 982 qui
863 905 1067 977 constitueret,
1081 927 1096 942 ·

183 988 305 1066 ejusque
332 985 457 1047 arbitrio
484 985 614 1065 quadrin
636 1005 694 1044 ena
719 992 750 1044 et
776 1004 927 1064 sexagena
951 985 1068 1045 talenta

184 1067 344 1148 quotannis
362 1066 475 1126 Delum
496 1073 566 1124 sunt
587 1006 707 1125 collata.
749 1063 788 1124 Id
806 1065 887 1124 enim
908 1085 1068 1126 commune

130 1144 169 1206 10
183 1147 333 1208 aerarium
347 1167 408 1207 esse
421 1146 591 1207 voluerunt
635 1145 724 1222 Quae
742 1145 839 1205 omnis
857 1145 986 1224 pecunia
1001 1166 1068 1224 pos

183 1236 246 1288 tero
260 1236 394 1306 tempore
407 1226 546 1286 Athenas
560 1226 708 1286 translata
724 1234 777 1286 est
818 1226 882 1286 Hic
898 1247 959 1305 qua
974 1226 1069 1286 fuerit

182 1307 374 1380 abstinentia,
380 1301 506 1367 'nullum
520 1315 564 1366 est
578 1307 688 1366 certius
701 1306 857 1379 indicium,
869 1327 961 1385 quarn
975 1307 1067 1386 quod,

183 1409 252 1448 cum
266 1388 358 1448 tantis
375 1386 464 1448 rebus
477 1386 664 1465 praefuisset,
678 1387 710 1445 in
723 1396 811 1446 tanta
824 1397 1006 1465 paupertate
1018 1388 1068 1446 de-

183 1469 277 1542 cessit,
291 1477 335 1541 ut,
349 1467 402 1548 qui
415 1467 579 1540 efferretur,
591 1467 648 1528 vix
661 1466 825 1545 reliquerit
866 1467 938 1543 Quo
951 1468 1068 1527 factum

129 1545 168 1606 15
183 1557 235 1622 est,
252 1557 287 1609 ut
306 1549 388 1608 filiae
408 1549 471 1627 ejus
491 1546 613 1626 publice
633 1546 787 1607 alerentur
806 1547 894 1608 etde
914 1549 1069 1608 communi

132 1674 138 1682 .
182 1629 299 1689 aerario
312 1628 433 1689 dotibus
447 1627 526 1687 datis
539 1626 769 1687 collocarentur.
811 1627 946 1687 Decessit
964 1637 1069 1688 autem

181 1709 243 1770 fere
257 1717 325 1788 post
344 1729 459 1768 annum
473 1716 626 1787 quartum,
639 1727 732 1787 quam
745 1707 960 1768 Themistoclea
973 1707 1068 1768 Athe

180 1790 228 1850 nis
241 1797 306 1850 erat
319 1787 471 1869 expulsus.

476 2003 767 2014 —————

393 2215 467 2288 IV.
505 2210 858 2288 PAUSANIAS.

516 2377 731 2420 -οοζεοζοο-

220 2500 246 2560 Ι.
268 2499 464 2573 Pnuennrns,
477 2499 745 2575 Iacedaemonius,
759 2522 887 2581 magnus
900 2503 999 2578 homo,
1014 2505 1069 2566 sed

128 2590 167 2650 20
180 2581 284 2643 varius
297 2581 329 2638 in
343 2580 425 2640 omni
439 2600 548 2659 genere
558 2581 641 2642 vitae
654 2581 721 2641 fuit
763 2582 845 2642 Nam
856 2593 891 2643 ut
901 2585 1068 2646 virtutibus

180 2661 287 2734 eluxit,
300 2661 343 2720 sic
361 2660 443 2721 vitiis
464 2669 508 2720 est
528 2661 663 2721 obrutus
705 2661 808 2742 Hujus
828 2664 1067 2726 illustrissimum

180 2750 225 2802 est
251 2741 400 2820 proelium
427 2740 510 2819 apud
539 2740 689 2802 Plataeas.
738 2743 879 2822 Namque
906 2745 961 2805 illo
988 2746 1067 2807 duce

180 2821 367 2893 Mardonius,
394 2828 529 2898 satrapes
556 2821 665 2901 regius,
691 2823 814 2883 natione
841 2825 959 2898 Medus,
987 2828 1065 2906 regis

180 2922 279 2981 gener,
293 2900 444 2980 inprimis
458 2901 593 2961 omnium
608 2902 769 2966 Persarum
784 2914 814 2964 et
828 2902 921 2964 manu
934 2906 1021 2967 fortis
1034 2917 1065 2968 et

126 2988 165 3048 25
180 2981 297 3043 consilii
311 2981 427 3059 pleone,
441 3001 512 3041 cum
529 2983 666 3043 ducentis
686 2985 809 3044 milibus
829 2985 975 3064 peditum,
990 3008 1064 3066 quos

178 3062 294 3124 viritim
308 3061 431 3139 legerat,
445 3069 476 3120 et
488 3061 599 3140 viginti
620 3064 743 3123 milibus
764 3065 909 3144 equiturn,
923 3067 1007 3126 haud
1020 3068 1064 3129 ita

178 3161 290 3220 magna
309 3161 403 3200 manu
424 3139 570 3200 Graeciae
590 3142 713 3220 iirgatus
733 3155 787 3216 est,
800 3166 895 3224 eoque
914 3147 978 3224 ipse
997 3147 1064 3208 dux

178 3221 286 3282 cecidit
298 3221 421 3300 proelio.
464 3219 536 3296 Qua
546 3222 675 3282 victoria
688 3223 785 3283 elatus
795 3225 928 3302 plurima
938 3227 1063 3288 miscere

178 3301 276 3380 coepit
297 3310 328 3361 et
348 3301 464 3378 majora
485 3303 701 3378 concupiscere.
743 3304 802 3363 Sed
820 3305 953 3382 primum
972 3309 1005 3364 in
1026 3319 1063 3366 eo

124 3381 163 3442 30
177 3378 221 3441 est
241 3380 445 3460 reprehensus,
465 3380 545 3456 quod
570 3401 608 3438 ex
631 3381 746 3459 praeda
766 3383 914 3460 tripodem
934 3405 1062 3446 aureum

177 3460 306 3539 Delphis
323 3458 477 3536 posuisset,
491 3459 708 3537 epigrammate
728 3462 849 3540 scripto,
862 3463 893 3522 in
915 3484 975 3543 quo
995 3473 1063 3526 erat
