2475 3792
504 343 506 347 Υ
534 273 650 324 mou.
1042 261 1088 327 ⁴7

141 425 334 566 Dioqpsium,
348 437 385 492 ut
407 429 717 526 Pllmnemstilhffllss
739 442 900 495 arcesseret
919 441 950 496 et
969 434 1033 515 ejus

141 527 210 567 cons
235 529 272 569 ns
291 519 438 585 uteretur,
452 511 515 584 rlle,
529 531 582 590 qu1
595 532 628 570 m
643 513 749 593 aliqua
761 535 795 574 re
808 514 902 575 vellet
915 523 1033 594 patrem

140 585 264 662 imitari,
285 609 402 650 morem
422 591 451 650 ei
471 591 569 670 gessit.
611 591 789 672 Eodemque
807 603 943 673 tempore
962 595 1033 655 Phi·

140 664 255 742 listum,
265 669 454 743 historicum,
469 671 634 750 Syracusas
647 673 778 746 reduxit,
792 673 945 734 hominem
959 676 1033 735 ami-

140 766 210 806 cum
224 769 288 808 non
301 750 399 828 magis
413 759 544 829 tyranno
558 771 650 830 quam
664 754 811 832 tyrannis.
852 753 911 814 Sed
924 754 963 814 de
975 755 1033 816 hcc
1067 756 1086 816 5

139 827 172 886 in
186 848 222 888 eo
237 849 306 889 meo
320 829 399 890 libro
413 831 504 909 plura
520 839 591 890 sunt
605 833 752 911 exposita,
766 833 819 913 qui
833 833 870 894 de
883 834 1033 896 historicis

140 906 268 968 Graecis
283 910 468 989 conscriptus
481 919 534 971 est.
576 910 667 972 Plato
687 922 789 973 autem
809 923 929 974 tantum
949 914 1033 995 apud
1055 990 1058 995 ⁴

140 985 328 1067 Dionysium
348 991 528 1051 auctoritate
548 992 649 1070 potuit
668 993 827 1072 valuitque
850 993 1031 1075 eloquentia,

139 1076 176 1127 ut
189 1067 219 1128 ei
233 1070 415 1147 persuaserit
433 1071 604 1150 tyrannidis
625 1072 724 1133 facere
741 1073 832 1134 tinem
850 1073 1033 1135 libertatem·

139 1168 201 1227 que
224 1149 351 1209 reddere
371 1149 586 1229 Syracusanis;
605 1171 627 1212 a
648 1173 710 1232 qua
730 1153 889 1215 voluntate
909 1153 1032 1216 Philisti
1046 1155 1085 1217 10

140 1228 269 1290 consilio
285 1229 444 1290 deterritus
458 1231 615 1310 aliquanto
630 1233 781 1293 crudelior
794 1254 857 1294 esse
870 1235 976 1314 coepit

181 1307 243 1371 IV.
265 1309 330 1386 Qui
343 1311 466 1389 quidem
479 1332 549 1372 cum
563 1332 583 1372 a
595 1312 696 1373 Dione
715 1332 747 1373 se
766 1315 903 1392 superari
915 1315 1033 1376 videret

139 1389 275 1469 ingenio,
289 1391 477 1466 auctoritate,
492 1412 594 1453 amore
608 1393 723 1472 populi,
737 1413 842 1456 verens
863 1414 910 1468 ne,
923 1395 949 1455 si
962 1416 1032 1455 eum

139 1489 245 1530 secum
265 1471 399 1545 haberet,
412 1471 549 1551 aliquam
570 1473 755 1534 occasionem
770 1475 817 1534 sui
832 1474 918 1535 daret
931 1475 1031 1554 oppri-

139 1551 256 1624 mendi,
280 1571 390 1614 navem
417 1552 445 1612 ei
472 1553 627 1614 triremem
650 1553 743 1627 dedit,
765 1575 826 1634 qua
849 1554 1031 1615 Corinthum
1045 1555 1084 1616 15

139 1631 359 1705 deveheretur3
380 1633 547 1707 ostendens,
558 1654 590 1694 se
602 1633 635 1694 id
648 1634 805 1713 utriusque
818 1634 917 1696 facere
931 1653 1031 1709 caiisa,

138 1730 189 1784 ne,
213 1732 283 1772 cum
305 1713 385 1774 inter
406 1733 437 1774 se
458 1714 608 1788 timerent,
630 1714 777 1775 alteruter
796 1715 926 1775 alterum
946 1733 1031 1794 prae·

139 1801 313 1871 occuparet
367 1793 407 1854 Id
434 1815 504 1855 cum
531 1794 647 1855 factum
676 1794 768 1854 multi
798 1794 1030 1874 indignarentur

139 1891 331 1953 magnaeque
344 1883 420 1935 esset
432 1874 566 1936 invidiae
580 1883 719 1954 tyranno,
734 1873 899 1955 Dionysius
918 1875 1030 1950 omnia,

139 1973 221 2032 quae
241 1955 356 2016 moveri
377 1963 517 2035 poterant
538 1955 655 2029 Dionis,
672 1955 704 2014 in
720 1976 813 2016 naves
831 1955 975 2033 imposuit
989 1956 1029 2016 ad
1043 1957 1084 2020 20

140 2053 273 2114 eumque
292 2035 382 2096 misit.
423 2035 475 2096 Sic
495 2035 576 2096 enim
600 2035 770 2095 existimari
790 2034 921 2109 volebat,
943 2035 975 2095 id
998 2055 1030 2096 se

139 2133 204 2174 non
231 2115 301 2175 odio
327 2115 467 2190 hominis,
490 2116 542 2176 sed
569 2135 642 2176 suae
667 2115 774 2176 salutis
800 2114 903 2175 fecisse
930 2133 1029 2176 causa

140 2193 253 2256 Postea
265 2215 338 2257 vero
358 2215 451 2275 quam
471 2197 591 2256 audivit
608 2216 679 2255 eum
697 2196 730 2255 in
748 2195 955 2273 Peloponneso
968 2215 1030 2255 ma·

139 2295 217 2335 num
231 2295 407 2355 comparare
419 2275 536 2356 sibique
549 2276 664 2342 bellum
675 2275 773 2336 facere
783 2274 894 2348 conari,
905 2274 1029 2349 Areten,

140 2354 252 2416 Dionis
270 2377 407 2430 uxorem,
421 2356 476 2416 alii
489 2377 530 2415 nu
554 2366 619 2415 tum
633 2355 726 2429 dedit,
739 2355 897 2448 filiumque
910 2355 974 2434 ejus
987 2355 1030 2418 sic
1043 2358 1083 2419 25

140 2437 266 2497 educari
281 2437 381 2517 jussit,
394 2444 432 2496 ut
451 2377 637 2515 indulgendo
651 2435 830 2515 turpissimis
844 2434 1030 2496 imbueretur

140 2516 369 2596 cupiditatibus.
410 2516 492 2577 Nam
512 2536 616 2597 puero,
632 2516 808 2596 priusquam
828 2514 924 2594 pubes
943 2525 1027 2590 esset,

140 2607 241 2658 scorta
254 2596 494 2671 adducebantur,
507 2597 580 2659 vino
599 2596 756 2676 epulisque
774 2595 967 2668 obruebatur,
980 2616 1030 2657 ne·

140 2698 201 2758 que
214 2678 313 2738 ullum
328 2687 447 2757 tempus
460 2677 559 2738 sobrio
573 2676 808 2755 relinquebatur.
849 2675 882 2735 Is
891 2695 985 2754 usque
995 2696 1030 2736 eo

140 2759 225 2822 vitae
237 2767 352 2818 statum
363 2767 581 2818 commutatum
591 2756 670 2816 ferre
679 2776 741 2817 non
751 2757 860 2835 potuit,
871 2764 1030 2835 postquam
1043 2757 1084 2820 30

141 2839 175 2900 in
189 2839 322 2918 patriam
335 2838 426 2898 rediit
439 2846 526 2917 pater
543 2837 690 2916 (namque
710 2837 839 2916 appositi
860 2844 948 2896 erant
967 2855 1031 2895 cus·

141 2919 235 2992 tedes,
250 2919 303 2999 qui
316 2939 387 2978 eum
401 2939 420 2978 a
434 2918 560 2997 pristino
574 2917 659 2978 victu
680 2915 887 2993 deducerent),
900 2923 936 2975 ut
948 2935 980 2974 se
993 2915 1031 2976 de

141 2999 296 3078 superiore
309 3008 397 3078 parte
415 2998 537 3058 aedium
554 2997 696 3077 dejecerit
711 3006 803 3077 atque
816 2997 861 3056 ita
873 2994 1030 3056 interierit

141 3080 203 3142 Sed
216 3079 291 3139 illuc
305 3085 447 3140 revertor.

184 3159 224 3221 V.
246 3159 413 3238 Postquam
426 3157 607 3218 Corinthum
622 3157 761 3238 pervenit
778 3157 862 3215 Dion
880 3161 911 3214 et
927 3153 1031 3214 eodem
1046 3155 1086 3217 35

142 3239 278 3321 perfugit
291 3238 480 3311 Heraclides,
491 3238 532 3296 ab
545 3239 649 3296 ecdem
660 3237 804 3314 expulsus
814 3233 970 3308 Dionysio,
980 3235 1033 3309 qui

143 3320 315 3400 praefectus
328 3319 429 3378 fuerat
442 3317 589 3394 equitum,
599 3315 683 3374 omni
697 3314 814 3372 ratione
827 3309 943 3394 bellum
957 3327 1035 3364 com-

143 3419 254 3482 parare
279 3405 452 3476 coeperunt.
493 3395 553 3454 Sed
580 3413 642 3451 non
669 3390 803 3478 multum
829 3381 1036 3460 profluebant,

145 3479 227 3560 quod
241 3479 411 3538 multorum
425 3491 576 3536 annorum
595 3478 735 3548 tyrannis
751 3475 932 3536 magnarum
945 3473 1038 3528 ⁰P¹¹¹1¹
