2475 3792
471 214 687 262 cernuas
1036 193 1082 258 63

137 377 291 458 plerasque
310 374 433 437 vitavit
480 372 574 445 Sicut,
595 392 665 431 cum
688 370 718 431 ei
740 369 915 431 nuntiatum
941 374 1026 440 esset,

137 457 280 538 quosdam
300 455 360 516 sibi
380 453 529 526 insidiari,
551 452 603 532 qui
628 452 660 511 in
682 451 849 512 amicorum
867 457 955 510 crant
971 467 1026 508 nu·

136 557 216 597 mero
231 536 284 610 (de
299 534 419 614 quibua,
434 534 516 613 quod
530 533 645 592 inimici
658 532 843 602 detulerunt,
855 550 952 610 neque
966 548 1028 590 cre·

136 617 268 677 dandum
283 635 382 694 neque
392 613 608 693 negligendum
617 612 766 691 putavit),
776 611 909 691 experiri
918 609 1026 681 voluit,

135 717 241 758 verum
263 695 416 756 falsumne
435 694 493 754 sibi
514 701 588 752 esset
608 692 747 752 relatum.
789 690 898 771 Itaque
911 711 946 752 eo
959 709 1027 770 pro·
1060 687 1081 749 5

135 777 230 837 fectus
250 785 305 848 est,
326 775 359 833 in
380 795 440 853 quo
462 775 569 834 itinere
590 772 709 832 firturas
730 772 856 833 insidias
875 771 1026 831 dixerant

134 857 193 917 Sed
214 856 309 934 elegit
329 874 453 932 corpore
473 862 504 914 et
523 863 641 913 statura
660 852 850 912 simillimum
870 851 925 925 sui,
939 851 1027 930 eique

134 937 279 997 vestitum
293 956 383 995 suum
398 934 482 994 dedit
495 943 586 1012 atque
600 953 636 992 eo
648 931 715 992 loco
728 932 781 1006 ire,
795 951 856 1013 quo
875 931 939 1010 ipse
958 951 1028 993 eon·

134 1024 285 1088 sueverat,
295 1015 394 1094 jussit
436 1013 506 1093 Ipse
519 1023 622 1074 autem
635 1020 745 1073 ornatu
758 1012 930 1092 vestituque
948 1011 1027 1072 mili-

134 1097 195 1157 tari
209 1097 291 1156 inter
305 1095 438 1174 corporis
451 1094 588 1154 custodes
601 1093 660 1154 iter
672 1093 771 1154 facere
780 1093 887 1172 coepit
927 1089 974 1153 At
983 1092 1027 1152 in·
1041 1089 1082 1152 10

135 1176 304 1247 sidiatores,
318 1184 478 1254 postquam
495 1175 529 1233 in
546 1194 616 1234 eum
635 1173 736 1234 locum
756 1193 866 1267 agmen
878 1172 1028 1252 pervenit,

135 1256 256 1334 decepti
268 1255 374 1315 ordine
384 1265 476 1335 atque
485 1254 606 1328 vestitu,
617 1255 765 1333 impetum
777 1273 890 1313 meum
901 1252 1027 1327 faciunt,

136 1337 190 1416 qui
200 1335 375 1414 suppositus
383 1343 457 1396 erat.
498 1334 808 1396 Praedixeratautem
816 1333 863 1393 his
872 1333 1027 1408 Datames,

136 1437 208 1476 cum
222 1414 334 1494 quibus
347 1415 404 1476 iter
417 1415 556 1489 faciebat,
567 1424 602 1475 ut
612 1415 711 1495 parati
721 1423 819 1476 essent
828 1415 934 1487 facere,
945 1415 1027 1494 quod

136 1497 239 1575 ipsum
259 1495 412 1556 vidissent.
455 1495 533 1575 Ipse,
553 1503 589 1556 ut
609 1505 819 1556 concurrentes
839 1495 1027 1557 insidiatores
1042 1493 1080 1554 15

137 1576 365 1649 animadvertit,
386 1576 448 1636 tela
469 1577 501 1636 in
521 1596 569 1636 eos
589 1575 725 1655 conjecit
765 1575 838 1636 Hoc
856 1575 936 1636 idem
956 1597 1026 1636 cum

137 1657 274 1718 universi
298 1656 445 1729 fecissent,
469 1655 646 1736 priusquam
669 1656 863 1735 pervenirent
886 1657 1026 1732 adeum,

138 1757 231 1817 quem
245 1737 369 1816 aggredi
383 1735 535 1810 volebant,
549 1736 661 1797 confixi
675 1737 856 1798 ceciderunt.

179 1817 223 1877 X.
246 1817 309 1877 Hic
329 1817 431 1878 tamen
452 1826 515 1877 tam
535 1817 666 1878 callidus
678 1818 728 1877 vir
744 1827 879 1878 extremo
892 1825 953 1878 tem
995 1838 1027 1878 re

138 1907 247 1976 captus
258 1907 302 1958 est
312 1897 508 1971 Mithridatis,
517 1897 733 1958 Ariobarzanis
743 1897 807 1972 filii,
814 1898 893 1958 dolo.
966 1919 1028 1958 am·
1041 1895 1081 1955 20

127 1998 200 2056 que
214 1978 238 2037 is
253 1977 405 2056 pollicitus
419 1987 464 2038 est
477 1978 549 2056 regi,
563 1999 594 2038 se
613 1999 684 2038 eum
704 1978 941 2052 interfecturum,
955 1979 979 2039 si
999 1979 1027 2039 ei

139 2078 196 2116 rex
216 2058 412 2136 permitteret,
433 2065 477 2131 ut,
497 2058 707 2138 quodcumque
727 2058 829 2133 vellet,
850 2059 954 2119 liceret
973 2058 1028 2119 im·
1111 2099 1115 2106 ·

139 2157 223 2218 pune
235 2137 342 2210 facere,
356 2137 506 2217 fidemque
520 2138 558 2198 de
571 2159 607 2200 ea
621 2160 661 2212 re,
675 2159 758 2199 more
772 2139 942 2212 Persarum,
956 2137 1029 2200 dex·

139 2228 207 2278 tera
220 2217 357 2278 dedisset.
399 2217 491 2279 Hanc
501 2227 537 2278 nt
547 2219 663 2298 accepit
676 2240 695 2279 a
705 2239 775 2298 rege
785 2219 915 2292 missam,
926 2219 1028 2299 copies

141 2307 231 2378 parat
251 2307 282 2359 et
301 2297 408 2358 absens
428 2299 593 2359 amicitiam
609 2320 678 2360 cum
693 2299 825 2360 Datame
838 2299 929 2372 facit;
949 2300 1028 2380 regis
1042 2296 1081 2356 25

140 2379 312 2457 provincias
326 2387 427 2452 vexat,
442 2379 567 2439 castella
582 2388 747 2459 expugnat,
761 2400 887 2460 magnas
900 2381 1028 2459 praedas

141 2458 233 2537 capit,
247 2478 377 2538 quarum
398 2467 516 2537 partem
536 2460 596 2519 suis
617 2461 664 2519 dis
703 2461 766 2533 rtit,
779 2469 897 2538 partem
912 2460 952 2520 ad
966 2459 1028 2521 Da·

141 2548 253 2598 tamem
264 2537 376 2611 mittit;
390 2539 458 2617 pari
472 2539 559 2599 modo
574 2561 662 2618 comp
676 2560 733 2599 ura
746 2540 871 2601 castella
884 2541 912 2601 ei
926 2541 1027 2602 tradit.

142 2618 229 2678 Haec
242 2618 296 2678 diu
310 2617 450 2678 faciendo
464 2621 610 2697 persuasit
629 2620 745 2680 homini
758 2641 790 2680 se
804 2621 957 2680 infinitum
977 2621 1029 2681 ad-

141 2719 244 2761 versus
265 2718 367 2778 regem
391 2699 552 2776 suscepisse
574 2699 699 2772 bellum,
716 2721 785 2760 cum
806 2701 902 2760 nihilo
922 2702 1028 2780 magis,
1043 2697 1082 2758 30

142 2799 179 2838 ne
193 2799 285 2858 quam
299 2778 499 2857 suspicionem
510 2778 557 2838 illi
567 2780 725 2858 praeberet
735 2781 922 2853 insidiarum,
931 2802 1029 2874 neque

143 2859 326 2937 colloquium
347 2859 411 2938 ejus
432 2858 549 2936 petivit,
563 2879 660 2938 neque
672 2860 705 2918 in
719 2869 912 2938 conspectum
925 2881 1030 2922 vemre

141 2939 265 3000 studuit.
307 2937 358 2998 Sic
371 2937 478 2998 absens
496 2939 662 2999 amicitiam
674 2939 806 3018 gerebat,
821 2949 856 2999 ut
870 2960 930 2999 non
943 2940 1030 3000 bene-

142 3019 216 3079 ficiis
230 3019 354 3090 mutuis,
364 3017 418 3077 sed
432 3019 584 3078 communi
594 3019 674 3093 odio,
684 3020 765 3098 quod
776 3040 848 3099 erga
858 3040 959 3097 regem
970 3041 1030 3079 sus·

142 3107 292 3178 ceperant,
307 3097 456 3159 contineri
469 3099 653 3160 viderentur.
1045 3095 1084 3154 35

182 3179 243 3240 XI.
256 3179 297 3238 Id
311 3199 381 3239 cum
395 3177 468 3238 satis
480 3198 512 3238 se
526 3178 716 3238 confirmasse
729 3178 894 3237 arbitratus
907 3187 960 3250 est,
972 3199 1032 3238 cer-

141 3260 250 3320 tiorem
264 3258 339 3318 facit
353 3258 527 3329 Datamem,
537 3266 657 3332 tempus
671 3275 733 3313 esse
742 3257 870 3330 majores
883 3256 1032 3311 exercitus

142 3339 244 3418 parari
259 3347 290 3398 et
303 3337 421 3397 bellum
436 3337 583 3412 cumipse
597 3353 668 3410 rege
685 3331 813 3406 suscipi;
833 3330 931 3403 deque
943 3349 979 3414 ea
993 3347 1034 3394 re,

141 3419 167 3479 si
181 3419 209 3478 ei
222 3417 389 3489 videretur,
400 3434 461 3494 quo
475 3413 541 3474 loco
554 3412 658 3481 vellet,
668 3410 702 3466 in
715 3405 900 3480 colloquium
908 3408 1036 3462 vemret

837 3725 1052 3740 ———-
