2475 3792
150 267 190 330 26
418 283 629 329 oonxnnrr
658 283 852 331 rarorrs.

202 437 349 520 Aegyptii
372 439 591 523 sequebantur3
618 440 802 520 epulabatur
820 461 905 502 more
924 442 1096 502 Persarum

202 519 386 580 luxuriosius
420 541 521 599 quam,
549 520 602 600 qui
635 522 772 595 aderant,
799 521 916 600 perpeti
949 531 1074 600 possent
1085 543 1094 593 余

202 601 320 660 aditum
336 601 507 680 petentibus
526 601 724 661 conveniendi
744 622 805 661 non
826 601 939 674 dabat余
959 601 1095 680 superbe

203 681 409 760 respondebat,
424 679 591 741 crudeliter*
606 681 783 760 imperabat.
826 681 848 742 S
889 692 969 741 rtam
989 682 1093 741 redire

168 757 332 822 5nolebat.
374 761 512 833 Golonas,
527 761 579 840 qui
601 762 684 821 locus
704 762 738 820 in
757 782 831 840 agro
849 702 969 821 ihoade
989 771 1042 835 est,
1055 782 1093 822 se

202 841 388 914 contulerat余
403 841 445 901 ibi
460 842 584 902 consilia
598 862 668 902 cum
681 843 799 922 patriae
812 852 879 901 tum
892 841 949 901 sibi
963 841 1092 902 inimica

202 921 349 1000 capiebat.
398 921 437 981 Id
464 929 624 1000 postquam
652 922 886 982 Lacedaemonii
913 922 1090 995 resciemnt,

201 1000 316 1080 legatos
336 1023 405 1062 cum
426 1003 542 1081 scytale
562 1002 602 1062 ad
624 1023 693 1062 eum
714 1003 869 1075 miserunt,
883 1001 915 1060 in
929 1023 991 1080 qua
1004 1023 1090 1062 more

202 1082 326 1142 illorum
345 1090 412 1142 erat
431 1083 596 1162 scriptum:
617 1083 677 1142 nisi
695 1082 820 1142 domum
833 1091 1042 1154 reverteretur,
1055 1103 1090 1142 se

149 1161 188 1225 10
202 1163 309 1242 capitis
336 1183 405 1223 eum
433 1163 637 1224 damnaturos.
680 1162 750 1223 Hoc
777 1163 884 1222 nuntio
911 1171 1089 1235 commotus,

201 1263 324 1322 sperans
347 1263 379 1304 se
402 1243 493 1303 etiam
517 1252 583 1303 tum
607 1244 737 1323 pecunia
761 1252 791 1304 et
814 1243 950 1322 potentia
969 1243 1088 1303 instans

201 1324 371 1403 periculum
391 1344 475 1403 posse
496 1323 655 1403 depellere,
676 1324 800 1385 domum
821 1323 917 1384 rediit.
959 1322 1032 1382 Huc
1052 1332 1090 1396 ut

201 1404 295 1478 venit,
315 1404 355 1464 ab
375 1404 495 1483 ephoris
515 1405 548 1476 in
568 1404 694 1466 vincula
717 1404 841 1484 publica
861 1404 1013 1482 conjectus
1033 1412 1087 1463 est.

202 1483 290 1545 Licet
302 1485 383 1544 enim
401 1484 518 1564 legibus
538 1505 643 1545 corum
664 1485 760 1545 cuivis
780 1485 892 1563 ephoro
912 1483 969 1543 hoc
988 1483 1089 1543 facere

149 1565 189 1625 15
202 1565 274 1644 regi.
315 1565 400 1625 Hinc
423 1572 526 1626 tamen
548 1586 580 1625 se
604 1566 777 1644 expedivit余
805 1584 902 1644 neque
929 1584 964 1623 eo
991 1563 1089 1642 magis

203 1645 325 1706 carebat
338 1645 513 1724 suspicione.
555 1645 637 1706 Nam
652 1646 754 1724 opinio
768 1645 919 1717 manebat,
933 1665 1003 1704 eum
1017 1665 1088 1704 cum

202 1746 272 1804 rege
285 1726 396 1786 habere
409 1726 589 1787 societatem.
631 1726 688 1786 Est
708 1747 802 1805 genus
823 1725 975 1804 quoddam
993 1725 1090 1784 homi-

202 1827 286 1879 num,
301 1806 381 1885 quod
402 1806 534 1866 Helotae
553 1814 690 1879 vocatur,
704 1827 833 1886 quorum
854 1825 965 1884 magna
985 1805 1089 1864 multi-

202 1887 277 1946 tudo
291 1908 379 1965 agros
393 1886 703 1947 Lacedaemoniorum
713 1887 787 1947 colit
799 1905 1014 2024 servorumpjue
1023 1906 1089 1944 mu-

149 1967 189 2028 20
202 1987 274 2026 nere
287 1967 433 2045 fungitur.
474 1967 542 2027 Hos
556 1988 676 2046 quoque
695 1967 858 2027 sollicitare
871 1986 924 2045 spe
938 1966 961 2025 li
982 1965 1089 2024 erratis

203 2047 441 2108 existimabatur.
482 2047 541 2107 Sed
556 2049 637 2126 quod
650 2049 760 2108 harum
774 2067 875 2106 rerum
888 2045 1009 2105 nullum
1023 2055 1091 2106 erat

203 2136 342 2206 apertum
356 2128 479 2199 crimen,
493 2148 554 2206 quo
573 2129 663 2206 argui
680 2137 788 2206 posset,
802 2147 863 2186 non
876 2126 1036 2205 putabant,
1051 2127 1090 2186 de

203 2208 259 2267 tali
269 2216 393 2286 tamque
402 2207 485 2268 claro
495 2208 562 2269 viro
573 2207 793 2288 suspicionibus
803 2216 940 2288 oportere
945 2206 1090 2286 judicari,

203 2297 234 2348 et
247 2289 492 2367 exspectandum,
506 2289 580 2348 dum
594 2309 626 2348 se
639 2289 705 2368 ipsa
719 2309 765 2348 res
779 2287 917 2366 aperiret.
941 2312 961 2355 a

150 2366 189 2427 25
243 2367 301 2429 IV.
336 2367 464 2428 Interim
495 2368 637 2447 Argilius
669 2369 804 2448 quidam,
838 2367 1090 2440 adolescentulus,

204 2468 293 2526 quem
317 2469 445 2527 puerum
469 2448 637 2509 Pausanias
657 2448 815 2521 dilexerat,
836 2468 905 2508 cum
930 2447 1089 2526 epistolam

203 2528 243 2588 ab
257 2548 291 2588 eo
306 2528 345 2588 ad
359 2527 547 2588 Artabazum
562 2529 732 2607 accepisset,
744 2528 830 2607 eique
844 2528 876 2586 in
889 2527 1089 2606 suspicionem

203 2609 342 2681 venisset,
353 2608 469 2687 aliquid
480 2608 512 2667 in
523 2629 558 2668 ea
572 2609 610 2668 de
623 2629 655 2668 se
668 2629 729 2668 esse
743 2609 898 2687 scriptum,
909 2607 990 2686 quod
1000 2627 1089 2667 nemo

204 2709 308 2748 eorum
331 2689 474 2762 rediisset,
498 2690 551 2782 qui
575 2709 666 2768 super
689 2689 746 2748 tali
770 2708 861 2748 causa
881 2688 986 2748 eodem
1006 2687 1089 2747 missi

150 2753 191 2828 30
203 2777 300 2842 erant,
319 2769 445 2831 vincula
468 2769 613 2848 epistolae
635 2769 765 2841 laxavit,
784 2769 929 2846 signoque
952 2768 1089 2828 detracto

204 2849 353 2928 cognovit,
367 2849 392 2910 si
412 2849 592 2928 pertulisset,
605 2849 663 2910 sibi
677 2869 739 2909 esse
752 2847 949 2928 pereundum.
990 2848 1091 2908 Erant

203 2929 236 2988 in
250 2930 354 2990 eadem
369 2930 504 3008 epistola,
515 2950 593 3008 quae
607 2931 647 2990 ad
661 2950 697 2990 ea
710 2928 912 3007 pertinebant,
922 2948 1001 3006 quae
1010 2928 1090 2988 inter

203 3030 304 3088 regem
315 3010 557 3088 Pausaniamque
571 3018 782 3071 convenerant.
824 3007 891 3068 Has
904 3007 958 3067 ille
972 3008 1089 3068 litteras

204 3090 323 3168 ephoris
349 3090 483 3151 tradidit.
539 3089 609 3149 Non
637 3099 683 3149 est
709 3088 929 3227 ppaetereunda
954 3089 1090 3166 gravitas

150 3167 189 3227 35
204 3169 513 3229 Lacedaemoniorum
526 3169 584 3228 hoc
598 3170 673 3228 loco.
747 3189 796 3227 am
811 3189 849 3227 ne
863 3167 952 3246 hujus
965 3167 1090 3245 quidem

204 3248 315 3308 indicio
325 3249 449 3327 impulsi
463 3257 541 3321 sunt,
553 3260 587 3308 ut
598 3248 782 3308 Pausaniam
793 3245 1090 3325 comprehenderent,

203 3348 300 3408 neque
320 3329 404 3408 prius
421 3329 484 3389 vim
506 3327 712 3387 adhibendam
732 3335 927 3406 putaverunt,
946 3346 1039 3404 quam
1059 3347 1091 3386 se

203 3407 267 3486 ipsc
279 3409 448 3468 indicasset.
488 3406 597 3485 Itaque
608 3408 680 3466 huic
691 3407 793 3478 indici,
805 3406 878 3484 quid
890 3406 954 3465 fieri
964 3406 1089 3479 vellent,

203 3495 429 3567 praeceperunt.
469 3484 592 3546 Fanum
617 3485 756 3564 Neptuni
780 3494 825 3545 est
847 3484 986 3558 Taenari,
1008 3486 1090 3564 quod
