2475 3792
397 253 729 302 sexnrxoxnxs.
1010 239 1052 304 67

106 407 265 483 “faciam3
285 429 386 489 neque
406 418 462 470 tua
482 431 580 483 causa,
601 411 654 470 sed
674 431 750 484 mea,
770 429 818 484 ne,
838 408 864 470 si
884 410 940 471 tibi
960 412 1000 472 sit

105 491 237 569 pecunia
260 491 416 568 adempta,
438 491 547 568 aliquis
569 491 660 562 dicat,
681 490 713 549 id
734 491 774 550 ad
794 511 843 550 me
862 500 998 595 ereptum

106 569 394 649 pervenissc‚‘qu0d
419 571 553 630 delatum
577 571 713 648 accipere
737 570 925 630 noluissem'
966 570 1013 629 A·

127 669 167 708 uo
196 669 268 709 cum
296 649 546 728 quaesissetque
573 670 604 708 se
632 649 741 708 deduci
761 649 863 722 vellet,
884 659 915 710 et
937 650 997 722 ille,

105 669 257 801 Athenas,
281 729 415 800 dixisset,
438 729 622 808 praesidium
644 730 736 802 dedit,
754 737 790 788 ut
810 738 876 789 tuto
896 750 998 809 perve·
1032 728 1052 790 ὅ

105 809 196 868 niret.
238 808 348 886 Neque
359 829 432 869 vero
453 808 485 868 id
504 809 576 868 satis
594 808 712 881 habuit,
725 808 778 868 sed
791 808 892 882 etiam,
906 818 941 869 ut
954 809 998 868 in-

105 887 242 949 violatus
255 888 297 948 ‚in
318 909 429 948 navem
451 889 629 960 escenderet,
649 909 705 966 per
724 887 889 949 Chabriam
902 889 997 949 Athe·

106 968 253 1041 mensem,
274 969 313 1028 de
337 988 397 1046 quo
420 988 511 1046 supra
534 968 717 1027 mentionem
737 967 870 1041 fecimus,
891 969 995 1030 effecit.

106 1047 323 1108 Abstinentiae
346 1048 405 1108 erit
426 1048 484 1108 hoc
507 1048 579 1107 satis
602 1047 817 1109 testimonium.
857 1048 996 1108 Plurima

106 1128 234 1206 quidem
254 1127 388 1207 proferre
406 1148 574 1207 possemus3
601 1127 654 1187 scd
677 1128 785 1187 modus
808 1127 996 1189 adhibendus
1010 1128 1050 1189 10

106 1218 161 1280 est,
176 1209 322 1287 quoniam
342 1228 404 1267 uno
424 1207 481 1268 hoc
493 1207 650 1268 volumine
664 1207 762 1269 vitam
782 1207 995 1269 excellentium

105 1288 246 1348 virorum
267 1287 467 1366 complurium
489 1288 668 1348 concludere
688 1287 906 1361 constituimus,
925 1309 996 1368 quo·

106 1387 177 1427 rum
201 1369 365 1446 separatim
389 1367 493 1428 multis
515 1367 641 1427 milibus
659 1387 803 1429 versuum
827 1369 996 1449 complures

105 1449 268 1526 scriptores
282 1456 353 1507 ante
366 1467 419 1508 nos
433 1447 635 1526 explicarunt

147 1527 190 1589 V.
211 1527 286 1587 Fuit
307 1527 398 1588 etiam
419 1527 554 1600 disertus,
569 1537 604 1588 ut
617 1549 705 1588 nemo
718 1527 746 1588 ei
760 1526 922 1590 ‘Hebanus
939 1549 997 1608 par
1010 1527 1048 1588 15

106 1617 184 1669 esset
198 1607 371 1686 eloquentia
375 1628 387 1681 3
400 1627 497 1686 neque
510 1608 610 1668 minus
624 1609 788 1668 concinnus
801 1609 834 1669 in
847 1609 996 1671 brevitate

106 1688 309 1768 respondendi
337 1708 428 1766 quam
455 1688 488 1746 in
536 1697 661 1766 erpetua
693 1689 829 1749 oratione
861 1699 993 1750 ornatus

106 1767 232 1840 Habuit
254 1767 485 1828 obtrectatorem
546 1768 713 1829 eneclidam
737 1769 898 1848 quendam,
918 1769 995 1830 indi-

106 1849 178 1908 dem
202 1847 323 1921 Thebis,
343 1856 374 1907 et
399 1848 607 1909 adversarium
634 1849 668 1907 in
694 1849 935 1909 administranda
962 1870 994 1909 re

105 1929 241 2008 publica,
255 1927 328 1988 satis
346 1927 543 1988 exercitatum
564 1928 597 1987 in
616 1929 753 2002 dicendo,
768 1938 803 1989 ut
816 1928 994 1989 Thebanum
1009 1928 1047 1988 20

104 2009 230 2070 scilicet
271 2007 413 2086 Namque
432 2008 480 2067 illi
499 2008 582 2086 genti
600 2008 669 2087 plus
685 2009 763 2069 inest
774 2009 887 2071 virium
901 2029 993 2088 quam

104 2088 231 2168 ingenii
272 2087 313 2161 Is,
330 2087 411 2167 quod
431 2087 464 2146 in
485 2108 517 2147 re
537 2089 663 2148 militari
683 2087 790 2148 florere
809 2089 994 2168 Epaminon-

104 2169 178 2230 dam
202 2167 476 2242 videbat„hortari
500 2167 616 2228 solebat
639 2168 806 2242 Thebanos,
828 2178 864 2229 ut
881 2190 993 2309 pacem

104 2249 188 2310 bello
205 2249 399 2321 anteferrent,
413 2269 453 2308 ne
472 2247 555 2308 illius
575 2249 764 2327 imperatoris
777 2269 869 2329 opera
903 2250 993 2309 eside·

103 2339 235 2390 raretur.
276 2329 361 2390 Huic
381 2328 443 2401 ille,
464 2327 614 2402 “Pallia''
636 2329 745 2408 inquit,
769 2330 888 2391 “verbo
912 2330 992 2390 cives
1007 2328 1045 2388 25

104 2417 182 2483 tuos,
197 2410 280 2489 quod
293 2410 348 2470 hos
361 2428 380 2469 a
393 2408 474 2470 bello
488 2429 612 2482 avocas3
634 2409 689 2469 otii
703 2409 784 2469 enim
797 2411 918 2470 nomine
934 2430 992 2469 ser-

103 2490 237 2553 vitutem
258 2490 409 2550 concilias.
450 2489 532 2549 Nam
547 2490 665 2568 paritur
678 2510 741 2569 pax
754 2489 844 2550 bello.
884 2490 992 2570 Itaque
1016 2557 1019 2563 q

105 2571 159 2651 qui
181 2592 219 2632 ea
239 2570 360 2631 diutina
372 2569 482 2631 volunt
500 2569 570 2642 frui,
585 2569 665 2629 bello
685 2570 842 2630 exercitati
863 2591 924 2630 esse
944 2571 993 2629 dc-

104 2651 186 2712 bent.
230 2651 334 2728 Quare
348 2650 372 2709 si
386 2649 536 2729 principes
546 2649 693 2710 Graeciae
702 2650 796 2712 vultis
806 2671 876 2724 esse,
887 2651 991 2710 castris

105 2741 150 2792 est
163 2730 250 2794 vobis
264 2730 420 2802 utendum,
431 2750 491 2788 non
505 2729 684 2808 palaestra.''
725 2729 811 2790 Idem
826 2730 878 2790 ille
891 2730 992 2790 Mene-
1005 2727 1045 2790 30

105 2812 202 2872 clidas
216 2832 286 2872 cum
299 2810 372 2870 huic
385 2809 535 2889 objiceret,
551 2810 632 2888 quod
648 2809 757 2871 liberos
777 2831 838 2870 non
858 2809 991 2883 haberet,

104 2911 202 2970 neque
211 2911 338 2950 uxorem
347 2889 490 2962 duxisset,
499 2891 691 2968 maximeque
701 2890 900 2963 insolentiam,
911 2890 992 2968 quod

105 2972 162 3032 sibi
179 2969 418 3049 Agamemnonis
440 2968 512 3029 belli
532 2969 662 3048 gloriam
681 2970 835 3031 videretur
855 2990 992 3030 consecu-

104 3060 162 3124 tus,
188 3050 287 3124 “At’'
312 3049 375 3121 ille,
400 3049 555 3122 “desine''
582 3049 692 3128 inquit,
720 3050 926 3122 “Meneclida,
954 3050 992 3110 de

104 3150 201 3190 uxore
214 3131 290 3189 mihi
305 3127 489 3207 exprobrare
501 3150 507 3200 ;
521 3149 594 3188 nam
607 3129 722 3188 nullius
733 3130 765 3188 in
775 3131 833 3190 ista
846 3150 879 3188 re
892 3130 992 3188 minus
1007 3127 1045 3186 35

104 3212 150 3270 uti
165 3209 402 3270 consiliovo10.”
445 3207 605 3284 (Habebat
625 3210 706 3268 enim
726 3208 912 3268 Meneclidas
932 3229 992 3268 sus-

103 3291 254 3370 picionem
268 3287 436 3359 adulterii.)
479 3288 598 3362 “Quod
613 3296 715 3346 autem
730 3308 778 3345 me
791 3286 993 3364 Agamemno
1100 3360 1102 3364 Ι

104 3389 174 3430 nem
188 3367 338 3430 aemulari
351 3376 449 3445 putas,
460 3366 583 3426 falleris.
624 3365 766 3442 Namque
779 3365 832 3422 ille
846 3383 915 3421 cum
929 3362 994 3418 uni·
1065 3397 1077 3412 .

103 3469 192 3512 versa
206 3447 338 3510 Graecia
351 3446 407 3507 vix
426 3446 530 3506 decem
549 3444 638 3504 annis
657 3462 751 3502 unam
771 3441 851 3518 cepit
870 3439 994 3506 urbem;
