2475 3792
129 281 172 347 36
409 285 621 336 conrnnrr
650 280 844 330 nnrorrs.

183 457 343 533 postquam
367 442 514 508 exercitui
537 461 673 521 praeesse
697 445 845 518 coeperat,
868 457 969 516 neque
991 443 1074 498 terra

183 551 282 610 neque
302 528 379 589 mari
400 528 499 586 hostes
519 543 606 604 pares
627 543 690 582 esse
749 528 879 580 tuerent.
920 518 986 578 Hic
1005 527 1040 576 ut
1055 537 1076 578 e

184 611 257 674 navi
278 629 411 690 egressus
431 616 484 679 est,
499 625 684 687 quamquam
705 543 906 660 lberamenss
927 606 958 658 et
979 597 1075 656 Thra-

185 691 311 773 sybulus
325 690 436 750 eisdem
450 687 538 748 rebus
552 684 748 764 praefuerant
760 681 911 759 simulque
924 685 1076 740 venerant

151 774 218 838 bin
242 771 394 844 Piraeum,
418 777 521 828 tamen
549 786 644 825 unum
672 784 775 824 omnes
802 762 891 821 illum
911 765 1075 839 'proseque-

185 854 306 926 bantur,
321 862 359 924 et,
374 851 406 910 id
420 850 500 929 quod
514 866 682 926 numquam
701 854 791 905 antea
805 863 861 903 usu
875 850 1001 903 venerat
1014 839 1075 900 nisi

185 933 348 1014 Olympiae
361 929 535 1000 victoribus,
549 927 667 988 coronis
686 925 786 986 aureis
806 922 965 1000 aeneisque
979 921 1075 1000 vulgo

186 1013 365 1076 donabatur.
406 1011 466 1071 Ille
485 1008 648 1069 lacrimans
668 1005 763 1067 talem
776 1003 1021 1066 benevolentiam
1034 1002 1076 1062 ci-

185 1095 272 1158 vium
295 1112 417 1153 suorum
441 1088 618 1170 accipiebat,
639 1087 831 1147 reminiscens
855 1083 976 1164 pristini
1000 1091 1076 1143 tem-

133 1178 172 1239 10
186 1176 267 1255 poris
289 1171 492 1236 acerbitatem.
534 1171 700 1249 Postquam
724 1175 792 1228 astu
812 1165 905 1238 venit,
929 1163 1076 1225 concione

186 1257 335 1318 advocata
355 1254 398 1314 sic
411 1252 505 1314 verba
525 1251 605 1324 fecit,
623 1260 658 1310 ut
676 1270 765 1309 nemo
785 1257 850 1308 tam
869 1246 951 1306 ferus
971 1245 1075 1319 fuerit,

187 1337 261 1418 quin
295 1335 358 1415 ejus
391 1353 493 1394 casum
528 1331 706 1404 lacrimarit,
733 1328 952 1406 inimicumque
978 1327 1016 1387 iis
1042 1347 1076 1388 se

187 1417 358 1489 ostenderit,
372 1435 500 1493 quorum
521 1433 613 1492 opera
633 1413 735 1491 patria
754 1411 860 1490 pulsus
879 1410 990 1480 fuerat,
1007 1429 1075 1487 pro-

187 1498 258 1557 inde
272 1517 307 1557 ae
320 1497 346 1556 si
359 1496 437 1555 alius
451 1494 590 1574 populna,
601 1515 663 1552 non
677 1493 730 1552 ille
743 1492 816 1571 ipse,
827 1491 879 1570 qui
893 1499 961 1549 turn
971 1487 1074 1561 flebat,

134 1581 173 1642 15
187 1599 257 1639 eum
270 1576 419 1655 sacrilegii
433 1576 612 1635 damnasset.
655 1572 809 1633 Restituta
827 1591 898 1650 ergo
914 1568 988 1630 huic
1004 1579 1076 1630 sunt

187 1657 308 1738 publice
324 1657 420 1728 bona;
441 1655 593 1733 iidemque
613 1652 661 1712 illi
682 1652 886 1732 Eumolpidae
905 1651 1075 1710 sacerdotes

187 1757 290 1799 rursus
314 1756 465 1796 resacrare
487 1743 559 1795 sunt
582 1734 688 1809 coacti,
707 1735 760 1815 qui
780 1753 850 1793 eum
871 1733 1075 1803 devoverant;

187 1819 327 1900 pilaeque
347 1817 427 1889 illae,
449 1816 612 1896 inquibus
637 1817 758 1877 devotio
781 1814 883 1874 fuerat
905 1812 1076 1891 scriptain

187 1921 271 1960 mare
285 1897 509 1978 praecipitatae.

134 1983 174 2044 20
208 1979 303 2042 vll.
324 1979 411 2039 Haec
425 1977 582 2039 Alcibiadi
602 1976 721 2037 laetitia
740 1997 802 2037 non
822 1975 913 2035 nimis
930 1973 992 2034 fuit
1011 1973 1077 2035 diu·

186 2069 287 2122 turna.
328 2059 410 2120 Nam
432 2081 501 2120 cum
522 2060 549 2119 ei
569 2079 673 2120 omnes
690 2068 788 2119 essent
806 2059 934 2117 honores
952 2056 1076 2132 decreti,

166 2151 311 2222 *totaque
331 2163 377 2202 res
397 2141 521 2221 publica
541 2141 623 2200 domi
644 2139 777 2219 bellique
797 2139 921 2212 tradita,
935 2147 971 2198 ut
985 2139 1077 2198 unius

187 2223 314 2284 arbitrio
338 2233 500 2302 gereretur,
523 2223 640 2301 etipse
663 2221 851 2300 postulasset,
873 2229 909 2279 ut
932 2219 994 2279 duo
1018 2219 1076 2280 sibi

188 2305 321 2384 collegae
335 2305 488 2376 darentur,
502 2302 712 2382 Thrasybulus
725 2312 756 2362 et
768 2300 963 2374 Adimantus,
978 2321 1077 2379 neque

135 2389 174 2450 25
188 2386 220 2446 id
244 2394 387 2464 negatum
402 2393 493 2457 esset;
514 2384 608 2444 classe
631 2384 665 2443 in
685 2382 792 2443 Asiam
813 2382 973 2462 profectus,
994 2383 1077 2461 quod

188 2466 271 2546 apud
286 2465 401 2545 Cymen
415 2465 515 2524 minus
530 2485 569 2524 ex
586 2464 734 2525 sententia
751 2484 815 2523 rem
831 2471 971 2542 gesserat,
985 2463 1017 2523 in
1032 2464 1077 2522 in·

187 2547 303 2610 vidiam
317 2547 431 2609 recidit.
473 2546 561 2606 Nihil
582 2547 753 2606 enimcum
774 2566 835 2605 non
856 2544 972 2604 efficere
990 2565 1076 2624 posse

188 2628 348 2689 ducebant.
389 2627 441 2688 Ex
455 2648 514 2706 quo
529 2627 630 2701 fiebat,
643 2635 680 2687 ut
695 2626 798 2687 omnia
817 2626 918 2685 minus
934 2646 1077 2705 prospere

188 2720 272 2790 gesta
295 2710 357 2789 ejus
381 2709 490 2788 culpae
514 2708 692 2783 tribuerent,
716 2729 786 2769 cum
813 2729 883 2768 eum
906 2715 961 2767 aut
981 2708 1076 2788 negli-

135 2794 174 2856 30
189 2800 293 2870 genter
314 2799 368 2850 aut
387 2790 536 2850 malitiose
556 2790 660 2850 fecisse
680 2790 892 2868 loquerentur;
911 2789 991 2849 sicut
1009 2799 1076 2850 tum

189 2871 307 2932 accidit.
348 2870 431 2930 Nam
446 2880 622 2950 corruptum
641 2892 661 2930 a
676 2891 747 2950 rege
765 2890 872 2948 capere
889 2869 1007 2950 Cymen
1025 2891 1076 2931 no·

188 2953 279 3012 luisse
306 2951 482 3030 arguebant.
537 2950 646 3030 Itaque
673 2952 745 3012 huic
772 2951 905 3010 maxime
932 2960 1076 3030 putamus

189 3033 270 3093 malo
284 3033 375 3092 fuisse
389 3033 514 3091 nimiam
529 3032 700 3111 opinionem
714 3031 828 3110 ingenii
842 3041 933 3110 atque
943 3031 1075 3094 virtutis

189 3111 366 3172 Timebatur
390 3113 470 3172 enim
495 3133 555 3172 non
580 3113 680 3172 miuus
704 3132 795 3190 quam
820 3111 1015 3190 diligebatur,
1036 3133 1075 3172 ne

136 3195 175 3254 35
189 3193 319 3252 secunda
329 3192 451 3252 fortuna
462 3193 638 3270 magnisque
649 3191 755 3272 opibus
765 3192 870 3265 elatus,
881 3192 1076 3272 tyrannidem

190 3272 419 3350 concupisceret.
462 3271 581 3348 Quibus
600 3272 689 3332 rebus
708 3273 822 3332 factum
840 3282 892 3344 est,
907 3281 942 3331 ut
956 3272 1075 3333 absenti

189 3351 399 3429 magistratum
414 3351 595 3429 abrogarent
609 3362 640 3411 et
654 3353 749 3411 alium
763 3353 795 3410 in
809 3354 873 3430 ejus
887 3352 987 3411 locum
1006 3352 1076 3412 sub·

189 3431 354 3490 stituerent.
396 3430 434 3490 Id
448 3431 501 3489 ille
515 3439 549 3490 ut
563 3431 690 3503 audivit,
704 3433 828 3491 domum
842 3432 952 3493 reverti
965 3432 1075 3506 noluit,

189 3515 221 3568 et
240 3529 272 3569 se
293 3508 428 3589 Pactyen
450 3509 579 3571 eontulit
598 3502 701 3590 ibique
720 3512 781 3571 tria
801 3511 925 3571 castella
942 3531 1076 3572 commu·
