2475 3792
159 243 202 306 80
437 257 648 304 coenatu
677 258 869 309 aaroms.

211 434 280 475 eum
303 411 412 474 habuit
435 413 474 474 ad
498 433 622 474 manum
646 413 762 475 scribae
781 414 864 489 loeo;
893 416 973 494 quod
995 416 1088 478 multo

211 515 229 554 a
253 493 294 552 ud
305 493 413 554 Graios
423 493 667 554 honorificentius
681 504 724 554 est
735 516 826 573 quam
838 497 921 574 apud
933 497 1089 558 Romanos.

211 515 293 634 blara
306 573 388 652 apud
402 594 465 646 nos,
476 593 590 633 revera
604 575 682 633 sicut
695 585 774 646 sunt,
788 577 966 635 mercenarii
979 576 1090 635 scribae

211 653 439 724 existimantur;
460 661 492 712 at
506 653 587 730 apud
601 652 670 712 illos
691 655 873 713 econtrario
894 675 981 714 nemo
1003 657 1042 715 ad
1061 656 1091 714 id

177 734 196 795 5
210 733 340 794 officium
355 732 534 803 admittitur,
546 732 603 791 nisi
618 733 740 792 honesto
756 732 820 793 loeo
834 743 865 792 et
877 733 937 793 fide
952 744 982 793 et
996 735 1091 794 indus-

210 815 270 874 tria
287 813 423 891 cognita;
445 813 526 890 quod
545 832 663 871 necesse
682 822 725 872 est
746 813 881 872 omnium
902 814 1092 873 consiliorum

210 915 279 953 eum
300 913 361 952 esse
381 892 567 971 participem.
608 891 704 950 Hunc
717 892 818 951 locum
832 893 930 952 tenuit
944 895 1093 954 amicitiae

209 975 292 1052 apud
307 972 483 1050 Philippum
505 991 599 1030 annos
622 979 744 1049 septem.
786 971 846 1031 Illo
869 972 1036 1045 interfecto,
1050 995 1093 1033 eo

210 1054 278 1113 dem
298 1053 395 1131 gradu
415 1052 474 1111 fuit
494 1051 576 1129 apud
591 1049 803 1110 Alexandrum
825 1071 919 1112 annos
940 1055 1092 1113 tredecim.

156 1136 195 1198 10
209 1133 379 1193 Novissime
401 1141 534 1210 tempore
558 1131 690 1209 praefuit
713 1132 805 1190 etiam
825 1132 938 1192 alterae
958 1135 1093 1212 equitum

208 1213 284 1285 alae,
299 1233 375 1291 quae
395 1211 557 1270 Hetaerice
577 1210 798 1290 appellabatur.
840 1210 973 1291 Utrique
994 1224 1094 1273 autem

209 1295 240 1352 in
262 1293 385 1353 consilio
406 1311 523 1370 semper
543 1291 632 1351 affuit
653 1299 684 1350 et
704 1291 840 1351 omnium
858 1313 960 1351 rerum
973 1293 1094 1354 habitus

208 1383 252 1434 est
266 1373 423 1452 particeps.
462 1391 472 1402 ¹
670 1420 672 1423 .

248 1453 290 1522 II.
312 1453 525 1513 Ansxnunao
538 1449 697 1530 Babylone
709 1462 837 1525 mortuo,
848 1473 917 1513 cum
931 1452 1027 1532 regna
1039 1454 1094 1514 sin·

156 1538 195 1600 15
208 1534 288 1613 gulis
315 1533 515 1592 familiaribus
544 1533 775 1611 dispertirentur
798 1542 828 1593 et
851 1554 970 1594 summa
994 1555 1094 1594 rerum

209 1615 322 1675 tradita
344 1622 419 1673 esset
442 1613 555 1673 tuenda
577 1613 682 1679 eidem.
702 1613 752 1672 cui
765 1613 943 1673 Alexander
966 1615 1096 1675 moriens

208 1695 357 1755 annulum
384 1714 472 1753 suum
497 1694 630 1765 dederat,
652 1693 823 1766 Perdiccae,
847 1714 886 1754 ex
910 1715 970 1773 quo
994 1715 1094 1755 omnes

209 1777 405 1854 conjecerant,
434 1794 502 1833 eum
530 1793 657 1851 regnum
685 1774 714 1833 ei
740 1776 971 1848 commendoms,
995 1775 1095 1854 quoad

209 1854 298 1923 liberi
320 1856 383 1934 ejus
405 1854 437 1912 in
461 1874 547 1913 suam
571 1853 700 1913 tutelam
723 1855 928 1932 pervenissent
954 1855 1095 1931 (aberant

155 1940 196 2003 20
209 1937 289 1996 enim
314 1934 456 1994 Craterus
483 1943 514 1992 et
537 1932 711 2011 Antipater,
732 1935 784 2011 qui
813 1935 987 1995 antecedere
1013 1936 1095 1996 hunc

209 2015 408 2086 videbantur3
429 2022 566 2073 mortuus
585 2023 651 2072 erat
671 2014 867 2092 Hephaestio,
888 2036 977 2093 quem
998 2037 1094 2075 unum

209 2096 395 2167 Alexander,
409 2093 490 2172 quod
504 2093 593 2153 facile
613 2093 744 2171 intelligi
764 2104 870 2173 posset,
884 2095 1008 2174 plurimi
1023 2096 1096 2156 fece

209 2183 272 2254 rat)
286 2198 292 2235 :
313 2176 371 2234 hoc
384 2184 518 2252 tempore
531 2174 604 2233 data
618 2183 663 2233 est
676 2174 807 2234 Eumeni
822 2175 1022 2254 Cappadocia,
1033 2177 1096 2237 sive

231 2257 308 2318 otius
325 2256 414 2315 dicta.
456 2254 538 2313 Nam
560 2261 627 2313 tum
647 2254 678 2312 in
700 2254 832 2314 hostium
855 2264 919 2315 erat
941 2266 1095 2334 potestate.

156 2339 195 2399 25
244 2357 304 2396 unc
324 2336 380 2395 sibi
401 2334 561 2395 Perdiccas
574 2334 757 2412 adjunxerat
771 2356 880 2414 magno
894 2337 1001 2409 studio,
1015 2337 1096 2416 quod

208 2418 241 2476 in
255 2416 376 2476 homine
389 2415 479 2473 fidem
494 2424 524 2473 et
538 2415 718 2473 industriam
733 2435 874 2493 magnam
888 2416 1020 2482 videbat.
1036 2437 1096 2476 non

208 2497 359 2568 dubitans,
372 2495 397 2554 si
418 2515 488 2554 eum
508 2494 683 2573 pellixisset,
697 2515 807 2572 magno
828 2496 895 2554 usui
916 2496 978 2556 fore
992 2497 1049 2556 sibi
1063 2497 1095 2556 in

208 2577 255 2638 his
282 2576 378 2648 rebus,
403 2594 477 2654 quas
504 2575 680 2654 apparabat.
722 2574 882 2654 Cogitabat
906 2577 994 2649 enim,
1015 2577 1096 2656 quod

208 2658 270 2718 fere
284 2676 385 2717 omnes
399 2656 431 2713 in
445 2654 563 2734 magnis
578 2655 711 2734 imperiis
726 2657 949 2734 concupiscunt,
960 2659 1096 2716 omnium

154 2739 194 2800 30
208 2747 309 2817 partes
329 2736 479 2814 corripere
499 2743 591 2812 atque
611 2735 778 2814 complecti.
821 2736 927 2815 Neque
947 2757 1018 2798 vero
1038 2737 1098 2797 hoe

208 2818 261 2877 ille
274 2816 355 2876 solus
368 2816 448 2887 fecit,
461 2814 513 2874 sed
534 2816 625 2874 ceteri
639 2836 758 2895 quoque
771 2836 881 2888 omnes,
895 2817 947 2896 qui
963 2816 1099 2876 Alexan-

208 2898 255 2958 dri
270 2897 390 2956 fuerant
410 2894 507 2954 amici.
550 2894 671 2954 Primus
691 2896 865 2956 Leonnatus
886 2896 1097 2957 Macedoniam

232 2995 429 3053 raeocoupare
440 2974 652 3034 destinaverat.
691 2975 722 3034 Is
733 2976 837 3035 multis
847 2976 1023 3055 magnisque
1073 2977 1098 3036 l-

209 2999 425 3116 licitationibus
452 3055 632 3131 persuadere
659 3054 790 3114 Eumeni
818 3056 943 3129 studuit,
964 3066 999 3117 ut
1026 2998 1098 3116 ffr-

156 3137 195 3198 35
209 3136 326 3195 dicoam
340 3134 487 3191 desereret
501 3153 536 3191 ac
550 3153 651 3192 secum
665 3134 777 3194 faceret
795 3137 975 3197 societatem.
1016 3137 1096 3197 Cum

209 3215 372 3294 perducere
394 3231 463 3269 eum
487 3231 547 3270 non
572 3223 679 3290 posset,
700 3215 866 3275 interficere
890 3227 1014 3278 conatus
1035 3227 1096 3291 est;

210 3302 240 3352 et
253 3292 377 3362 fecisset,
388 3290 445 3348 nisi
459 3289 511 3348 ille
526 3290 605 3349 clam
620 3304 710 3352 noctu
725 3315 763 3353 cx
778 3297 934 3373 praesidiis
947 3299 1011 3376 ejus
1026 3299 1097 3358 effu·-

232 3371 306 3429 'sset

208 3391 312 3506 glIII.
341 3445 468 3505 Interim
497 3448 628 3508 conflata
654 3460 726 3511 sunt
752 3452 808 3512 illa
835 3455 926 3529 bella,
950 3478 1028 3527 quae
1056 3459 1094 3518 ad
