2475 3792
475 239 690 286 caraune.
1039 223 1082 288 59

136 393 265 457 duceret.
308 394 412 473 Quem
440 416 508 457 cum
535 385 640 458 omnes
670 396 879 475 conspicerent
904 405 1029 476 propter

135 477 302 537 novitatem
323 485 449 538 ornatus
469 477 666 556 ignotamque
686 477 825 550 formam,
842 476 881 537 ob
901 497 1028 556 eamque

134 575 198 614 rem
226 577 358 635 magnus
385 565 462 616 esset
487 576 659 630 concursus,
684 556 744 616 fuit
767 576 828 616 non
853 577 950 630 nemo,
973 557 1026 637 qui

133 644 311 714 agnosceret
334 635 458 716 Thyum
481 637 604 716 regique
628 637 792 697 nuntiaret
835 636 938 697 Primo
965 657 1026 697 non

132 716 310 776 accredidit
352 714 461 795 Itaque
475 716 709 777 Pharnabazum
728 716 812 776 misit
825 716 1025 796 exploratam.
1061 719 1081 780 5

132 794 165 854 A
178 817 240 874 quo
254 804 291 855 ut
304 815 369 856 rem
382 805 497 874 gestam
511 797 668 874 comperit,
678 796 782 856 statim
797 797 918 857 admitti
926 798 1026 878 jussit,

132 896 321 955 magnopere
333 876 499 936 delectatus
517 897 588 936 cum
608 876 689 936 facto
707 886 775 936 tum
788 887 907 951 ornatu,
921 878 953 938 in
965 878 1027 958 pri·

132 957 199 1029 mis,
215 956 299 1035 quod
313 955 424 1016 nobilis
444 977 499 1016 rex
513 956 545 1015 in
560 965 740 1035 potestatem
755 957 926 1036 inopinanti
939 979 1027 1019 vene·

132 1045 189 1096 rat
234 1036 345 1116 Itaque
358 1037 517 1115 magnifice
533 1036 698 1098 Datamem
716 1037 862 1097 donatum
883 1039 923 1098 ad
943 1059 1026 1098 exer-

132 1117 230 1176 eitum
245 1117 338 1189 misit,
346 1117 399 1196 qui
410 1126 475 1176 tum
486 1117 724 1177 contrahebatur
737 1118 814 1177 duce
828 1117 1026 1179 Pharnabazo
1041 1121 1080 1182 10

131 1206 164 1258 et
183 1196 363 1257 Tithrauste
385 1197 425 1257 ad
449 1196 566 1257 bellum
587 1197 787 1277 Aegyptium,
807 1198 933 1277 parique
956 1219 1027 1258 eum

131 1287 227 1357 atque
247 1277 318 1336 illos
338 1275 464 1356 imperio
489 1297 551 1337 esse
570 1277 669 1357 jussit.
712 1277 822 1337 Postea
841 1298 913 1338 vero
934 1298 1026 1357 quam

132 1357 372 1418 Pharnabazum
386 1377 441 1418 rex
454 1359 620 1432 revocavit,
634 1358 682 1418 illi
702 1378 822 1418 summa
834 1358 954 1438 imperii
967 1369 1027 1420 tra-

131 1439 199 1498 dita
214 1447 268 1500 est

173 1518 235 1580 IV.
257 1518 322 1580 Hic
346 1539 415 1580 cum
438 1519 576 1580 maximo
602 1518 704 1581 studio
728 1527 917 1599 compararet
943 1540 1026 1580 exer·
1041 1522 1080 1583 15

131 1599 241 1672 citum,
251 1598 488 1680 Aegyptumque
503 1599 652 1679 proficisci
666 1610 797 1693 pararet,
811 1600 911 1661 subito
925 1621 944 1661 a
958 1621 1027 1680 rege

132 1679 258 1740 litterae
277 1689 349 1740 sunt
369 1681 397 1741 ei
417 1681 534 1754 missae,
552 1690 587 1741 ut
599 1680 710 1760 Asprm
731 1681 953 1760 aggrederetur,
973 1681 1027 1761 qui

132 1760 319 1822 Cataoniam
332 1759 473 1822 tenebat:
495 1781 573 1841 quae
586 1781 660 1840 gens
674 1762 758 1841 jacet
770 1781 863 1840 supra
877 1761 1025 1835 Ciliciam,

132 1841 263 1902 confinis
277 1841 497 1920 Cappadociae
538 1840 681 1920 Namque
690 1841 792 1920 Aspis,
805 1841 968 1902 saltuosam
984 1863 1026 1902 re-

132 1922 258 2002 gionem
272 1921 463 2000 castellisque
476 1920 628 1981 munitam
638 1921 781 1994 incolens,
789 1941 851 1982 non
864 1922 961 1982 solum
972 1922 1026 1982 im·
1040 1924 1079 1986 20

133 2003 220 2082 perio
235 2002 314 2080 regis
327 2022 389 2062 non
402 2001 539 2082 parebat,
553 2001 711 2062 sedetiam
727 2001 871 2061 finitimas
891 2003 1025 2081 regiones

133 2082 281 2155 vexabat,
295 2090 334 2155 et,
348 2102 427 2161 quae
445 2082 509 2160 regi
527 2090 731 2160 portarentur,
745 2080 923 2161 abripiebat.
964 2082 1026 2142 Da·

134 2171 243 2235 tames,
254 2161 310 2222 etsi
320 2162 410 2241 longe
420 2160 527 2222 aberat
540 2161 579 2221 ab
590 2162 638 2221 his
651 2161 823 2240 regionibus
836 2171 867 2221 et
880 2182 899 2222 a
913 2163 1027 2242 majore

136 2263 171 2303 re
191 2241 436 2315 abstrahebatur,
450 2251 553 2301 tamen
573 2242 652 2321 regis
672 2241 824 2303 voluntati
844 2261 957 2301 morem
977 2263 1026 2322 ge

135 2323 268 2383 rendum
281 2322 412 2401 putavit
455 2320 564 2400 Itaque
577 2343 648 2389 cum
662 2322 775 2400 paucis,
788 2322 840 2382 sed
853 2321 927 2383 viris
944 2323 1026 2383 forti·
1040 2323 1079 2385 25

136 2402 204 2476 bus,
217 2421 329 2464 navem
350 2401 533 2475 conscendit,
547 2403 732 2475 existimans,
751 2403 784 2462 id
804 2403 886 2482 quod
906 2403 1025 2477 accidit,

136 2483 259 2544 facilius
279 2503 311 2542 se
330 2483 555 2561 imprudentem
576 2503 674 2562 parva
697 2503 790 2542 manu
813 2504 1026 2563 oppressurum

137 2584 232 2643 quam
252 2572 397 2643 paratum
418 2563 556 2642 quamvis
576 2583 688 2642 magno
708 2564 851 2623 exercitu.
893 2564 964 2625 Hac
977 2565 1026 2624 de·

136 2644 219 2704 latus
236 2645 270 2702 in
287 2643 438 2715 Ciliciam,
452 2662 585 2721 egressus
605 2643 685 2716 inde,
705 2643 769 2703 dies
789 2653 948 2723 noctesque
968 2644 1026 2705 iter

136 2724 260 2797 faciens,
271 2723 409 2783 Taurum
417 2724 544 2782 transiit
557 2744 660 2802 eoque,
675 2744 735 2803 quo
748 2724 914 2798 studuerat,
925 2726 1025 2798 venit3
1040 2726 1079 2788 30

136 2805 266 2887 quaerit,
278 2803 390 2882 quibus
403 2802 477 2862 locis
490 2803 529 2862 sit
542 2803 652 2882 Aspis;
666 2804 826 2882 cognoscit,
840 2804 923 2864 haud
937 2805 1027 2885 longe

136 2886 241 2946 abesse
268 2883 499 2963 profectumque
526 2904 595 2943 eum
622 2893 776 2945 venatum.
825 2884 925 2960 Quem
951 2886 1026 2946 dum

136 2965 325 3045 speculatur,
335 2963 484 3025 adventus
495 2965 558 3043 ejus
569 2983 660 3024 causa
670 2963 867 3042 cognoscitur.
909 2965 1026 3026 Pisidas

137 3067 207 3108 cum
228 3046 275 3118 iis,
291 3062 367 3124 quos
387 3065 487 3104 secum
508 3044 649 3117 habebat,
662 3044 702 3103 ad
724 3044 920 3104 resistendum
935 3045 1027 3125 Aspis

137 3133 306 3206 comparat.
348 3121 386 3183 Id
413 3124 559 3186 Datames
586 3124 640 3184 ubi
666 3123 794 3195 audivit,
816 3144 903 3183 arma
926 3127 1026 3199 sumit,
1041 3126 1080 3184 35

136 3225 267 3286 suosque
280 3203 367 3282 sequi
375 3203 481 3282 jubet;
501 3204 564 3282 ipse
584 3223 661 3281 equo
681 3203 831 3261 concitato
852 3204 892 3259 ad
912 3205 1027 3262 hostem

136 3288 272 3350 vehitur.
329 3283 430 3358 Quem
457 3282 564 3360 procul
592 3282 686 3357 Aspis
719 3279 904 3353 conspiciens
931 3280 971 3336 ad
997 3299 1029 3336 se

137 3367 289 3428 ferentem
310 3362 503 3442 pertimescit,
524 3370 616 3496 aqque
636 3379 655 3416 a
675 3364 786 3415 conatu
807 3354 962 3440 resistendi
982 3356 1030 3410 de

137 3449 265 3509 territus
290 3463 353 3504 sese
376 3441 503 3500 dedidit.
580 3456 640 3494 unc
662 3435 809 3492 Datames
830 3438 968 3486 vinctum
991 3427 1031 3481 ad

137 3547 242 3608 regem
257 3520 433 3584 ducendum
446 3517 542 3576 tradit
556 3506 740 3572 Mithridati.
1046 3494 1085 3547 40
