<?xml version="1.0" encoding="UTF-8"?>
<!DOCTYPE html PUBLIC "-//W3C//DTD XHTML 1.0 Transitional//EN"
    "http://www.w3.org/TR/xhtml1/DTD/xhtml1-transitional.dtd">
<html xmlns="http://www.w3.org/1999/xhtml" xml:lang="en" lang="en">
 <head>
  <title>
</title>
<meta http-equiv="Content-Type" content="text/html;charset=utf-8" />
  <meta name='ocr-system' content='tesseract 3.04.00' />
  <meta name='ocr-capabilities' content='ocr_page ocr_carea ocr_par ocr_line ocrx_word'/>
</head>
<body>
  <div class='ocr_page' id='page_1' title='image "./corneliinepotis27nepogoog_0034.png"; bbox 0 0 2475 3792; ppageno 0'>
   <div class='ocr_carea' id='block_1_1' title="bbox 496 265 1065 328">
    <p class='ocr_par' dir='ltr' id='par_1_1' title="bbox 496 265 1065 328">
     <span class='ocr_line' id='line_1_1' title="bbox 496 265 1065 328; baseline 0.016 -10"><span class='ocrx_word' id='word_1_1' title='bbox 496 275 641 321; x_wconf 67' lang='lat' dir='ltr'>cruori.</span> <span class='ocrx_word' id='word_1_2' title='bbox 1023 265 1065 328; x_wconf 75' lang='lat'>29</span> 
     </span>
    </p>
   </div>
   <div class='ocr_carea' id='block_1_2' title="bbox 118 429 1063 3547">
    <p class='ocr_par' dir='ltr' id='par_1_2' title="bbox 118 429 1062 1224">
     <span class='ocr_line' id='line_1_2' title="bbox 129 429 1011 513; baseline 0.018 -33"><span class='ocrx_word' id='word_1_3' title='bbox 129 440 183 482; x_wconf 91' lang='lat' dir='ltr'>nno</span> <span class='ocrx_word' id='word_1_4' title='bbox 193 443 336 486; x_wconf 88' lang='lat' dir='ltr'>concursu</span> <span class='ocrx_word' id='word_1_5' title='bbox 347 429 526 506; x_wconf 86' lang='lat' dir='ltr'>prostravit.</span> <span class='ocrx_word' id='word_1_6' title='bbox 562 430 1011 513; x_wconf 73' lang='lat' dir='ltr'>Quavictoriamagnapraoda</span> 
     </span>
     <span class='ocr_line' id='line_1_3' title="bbox 126 503 1010 591; baseline 0.015 -29"><span class='ocrx_word' id='word_1_7' title='bbox 126 503 230 580; x_wconf 87' lang='lat' dir='ltr'>potitus</span> <span class='ocrx_word' id='word_1_8' title='bbox 241 525 311 565; x_wconf 90' lang='lat' dir='ltr'>cum</span> <span class='ocrx_word' id='word_1_9' title='bbox 322 508 450 568; x_wconf 93' lang='lat' dir='ltr'>domum</span> <span class='ocrx_word' id='word_1_10' title='bbox 463 519 672 583; x_wconf 80' lang='lat' dir='ltr'>reverteretur,</span> <span class='ocrx_word' id='word_1_11' title='bbox 683 511 764 589; x_wconf 91' lang='lat' dir='ltr'>quod</span> <span class='ocrx_word' id='word_1_12' title='bbox 770 513 836 591; x_wconf 90' lang='lat' dir='ltr'>jam</span> <span class='ocrx_word' id='word_1_13' title='bbox 846 514 1010 576; x_wconf 80' lang='lat' dir='ltr'>nonnullae</span> 
     </span>
     <span class='ocr_line' id='line_1_4' title="bbox 126 581 1010 675; baseline 0.016 -35"><span class='ocrx_word' id='word_1_14' title='bbox 126 581 233 675; x_wconf 79' lang='lat' dir='ltr'>insulae</span> <span class='ocrx_word' id='word_1_15' title='bbox 246 597 375 665; x_wconf 90' lang='lat' dir='ltr'>propter</span> <span class='ocrx_word' id='word_1_16' title='bbox 390 590 588 649; x_wconf 78' lang='lat' dir='ltr'>acerbitatem</span> <span class='ocrx_word' id='word_1_17' title='bbox 603 591 723 669; x_wconf 92' lang='lat' dir='ltr'>imperii</span> <span class='ocrx_word' id='word_1_18' title='bbox 742 592 920 666; x_wconf 78' lang='lat' dir='ltr'>defecerant,</span> <span class='ocrx_word' id='word_1_19' title='bbox 935 594 1010 655; x_wconf 89' lang='lat' dir='ltr'>boue</span> 
     </span>
     <span class='ocr_line' id='line_1_5' title="bbox 123 669 1010 742; baseline 0.017 -22"><span class='ocrx_word' id='word_1_20' title='bbox 123 675 265 724; x_wconf 87' lang='lat' dir='ltr'>ammatas</span> <span class='ocrx_word' id='word_1_21' title='bbox 291 669 498 742; x_wconf 88' lang='lat' dir='ltr'>confirmavit,</span> <span class='ocrx_word' id='word_1_22' title='bbox 524 669 670 730; x_wconf 83' lang='lat' dir='ltr'>alienatas</span> <span class='ocrx_word' id='word_1_23' title='bbox 695 671 734 730; x_wconf 91' lang='lat' dir='ltr'>ad</span> <span class='ocrx_word' id='word_1_24' title='bbox 759 672 889 731; x_wconf 87' lang='lat' dir='ltr'>officium</span> <span class='ocrx_word' id='word_1_25' title='bbox 913 676 1010 735; x_wconf 87' lang='lat' dir='ltr'>redire</span> 
     </span>
     <span class='ocr_line' id='line_1_6' title="bbox 123 745 1062 830; baseline 0.015 -29"><span class='ocrx_word' id='word_1_26' title='bbox 123 745 221 822; x_wconf 74' lang='lat' dir='ltr'>coegit.</span> <span class='ocrx_word' id='word_1_27' title='bbox 263 745 408 826; x_wconf 78' lang='lat' dir='ltr'>Scyrum,</span> <span class='ocrx_word' id='word_1_28' title='bbox 423 771 517 828; x_wconf 90' lang='lat' dir='ltr'>quam</span> <span class='ocrx_word' id='word_1_29' title='bbox 539 771 572 809; x_wconf 93' lang='lat' dir='ltr'>eo</span> <span class='ocrx_word' id='word_1_30' title='bbox 593 759 728 828; x_wconf 89' lang='lat' dir='ltr'>tempore</span> <span class='ocrx_word' id='word_1_31' title='bbox 749 751 881 830; x_wconf 84' lang='lat' dir='ltr'>Dolopes</span> <span class='ocrx_word' id='word_1_32' title='bbox 902 755 1009 814; x_wconf 85' lang='lat' dir='ltr'>incole·</span> <span class='ocrx_word' id='word_1_33' title='bbox 1043 757 1062 815; x_wconf 79' lang='lat'>5</span> 
     </span>
     <span class='ocr_line' id='line_1_7' title="bbox 122 821 1010 908; baseline 0.015 -28"><span class='ocrx_word' id='word_1_34' title='bbox 122 821 200 896; x_wconf 89' lang='lat' dir='ltr'>bant,</span> <span class='ocrx_word' id='word_1_35' title='bbox 213 827 295 903; x_wconf 91' lang='lat' dir='ltr'>quod</span> <span class='ocrx_word' id='word_1_36' title='bbox 312 830 526 889; x_wconf 85' lang='lat' dir='ltr'>contumacius</span> <span class='ocrx_word' id='word_1_37' title='bbox 544 850 575 888; x_wconf 91' lang='lat' dir='ltr'>se</span> <span class='ocrx_word' id='word_1_38' title='bbox 591 840 753 908; x_wconf 70' lang='lat' dir='ltr'>gesserant,</span> <span class='ocrx_word' id='word_1_39' title='bbox 766 833 941 906; x_wconf 78' lang='lat' dir='ltr'>vacuefecit,</span> <span class='ocrx_word' id='word_1_40' title='bbox 955 855 1010 894; x_wconf 87' lang='lat' dir='ltr'>ses·</span> 
     </span>
     <span class='ocr_line' id='line_1_8' title="bbox 120 909 1009 990; baseline 0.015 -28"><span class='ocrx_word' id='word_1_41' title='bbox 120 923 194 964; x_wconf 77' lang='lat' dir='ltr'>sores</span> <span class='ocrx_word' id='word_1_42' title='bbox 217 915 337 968; x_wconf 86' lang='lat' dir='ltr'>veteres</span> <span class='ocrx_word' id='word_1_43' title='bbox 364 910 441 969; x_wconf 91' lang='lat' dir='ltr'>urbe</span> <span class='ocrx_word' id='word_1_44' title='bbox 469 909 627 989; x_wconf 87' lang='lat' dir='ltr'>insulaque</span> <span class='ocrx_word' id='word_1_45' title='bbox 655 911 750 990; x_wconf 89' lang='lat' dir='ltr'>ejecit,</span> <span class='ocrx_word' id='word_1_46' title='bbox 779 933 865 990; x_wconf 89' lang='lat' dir='ltr'>agros</span> <span class='ocrx_word' id='word_1_47' title='bbox 893 914 1009 975; x_wconf 89' lang='lat' dir='ltr'>civibus</span> 
     </span>
     <span class='ocr_line' id='line_1_9' title="bbox 120 983 1008 1073; baseline 0.017 -33"><span class='ocrx_word' id='word_1_48' title='bbox 120 983 225 1046; x_wconf 86' lang='lat' dir='ltr'>divisit.</span> <span class='ocrx_word' id='word_1_49' title='bbox 268 987 401 1050; x_wconf 88' lang='lat' dir='ltr'>Thasios</span> <span class='ocrx_word' id='word_1_50' title='bbox 420 990 577 1069; x_wconf 90' lang='lat' dir='ltr'>opulentia</span> <span class='ocrx_word' id='word_1_51' title='bbox 590 989 682 1051; x_wconf 84' lang='lat' dir='ltr'>fretos</span> <span class='ocrx_word' id='word_1_52' title='bbox 696 1012 749 1051; x_wconf 90' lang='lat' dir='ltr'>suo</span> <span class='ocrx_word' id='word_1_53' title='bbox 764 993 896 1054; x_wconf 85' lang='lat' dir='ltr'>adventu</span> <span class='ocrx_word' id='word_1_54' title='bbox 910 994 1008 1073; x_wconf 80' lang='lat' dir='ltr'>fregit.</span> 
     </span>
     <span class='ocr_line' id='line_1_10' title="bbox 120 1061 1008 1157; baseline 0.014 -35"><span class='ocrx_word' id='word_1_55' title='bbox 120 1061 175 1123; x_wconf 90' lang='lat' dir='ltr'>His</span> <span class='ocrx_word' id='word_1_56' title='bbox 190 1087 235 1157; x_wconf 39' lang='lat' dir='ltr'>&#39;ex</span> <span class='ocrx_word' id='word_1_57' title='bbox 255 1069 416 1130; x_wconf 86' lang='lat' dir='ltr'>manubiis</span> <span class='ocrx_word' id='word_1_58' title='bbox 428 1091 495 1130; x_wconf 85' lang='lat' dir='ltr'>arx</span> <span class='ocrx_word' id='word_1_59' title='bbox 509 1069 712 1145; x_wconf 84' lang='lat' dir='ltr'>Athenarum,</span> <span class='ocrx_word' id='word_1_60' title='bbox 726 1093 787 1152; x_wconf 91' lang='lat' dir='ltr'>qua</span> <span class='ocrx_word' id='word_1_61' title='bbox 800 1073 840 1133; x_wconf 85' lang='lat' dir='ltr'>ad</span> <span class='ocrx_word' id='word_1_62' title='bbox 854 1075 1008 1134; x_wconf 90' lang='lat' dir='ltr'>meridiem</span> 
     </span>
     <span class='ocr_line' id='line_1_11' title="bbox 118 1154 1061 1224; baseline 0.016 -22"><span class='ocrx_word' id='word_1_63' title='bbox 118 1154 221 1224; x_wconf 80' lang='lat' dir='ltr'>verglt,</span> <span class='ocrx_word' id='word_1_64' title='bbox 236 1156 283 1207; x_wconf 87' lang='lat' dir='ltr'>est</span> <span class='ocrx_word' id='word_1_65' title='bbox 297 1159 418 1210; x_wconf 89' lang='lat' dir='ltr'>ornata.</span> <span class='ocrx_word' id='word_1_66' title='bbox 1024 1157 1061 1217; x_wconf 93' lang='lat'>10</span> 
     </span>
    </p>

    <p class='ocr_par' dir='ltr' id='par_1_3' title="bbox 118 1223 1062 2658">
     <span class='ocr_line' id='line_1_12' title="bbox 156 1223 1009 1304; baseline 0.014 -22"><span class='ocrx_word' id='word_1_67' title='bbox 156 1223 215 1286; x_wconf 87' lang='lat' dir='ltr'>Ill.</span> <span class='ocrx_word' id='word_1_68' title='bbox 239 1228 367 1304; x_wconf 73' lang='lat' dir='ltr'>Quibus</span> <span class='ocrx_word' id='word_1_69' title='bbox 388 1230 478 1290; x_wconf 88' lang='lat' dir='ltr'>rebus</span> <span class='ocrx_word' id='word_1_70' title='bbox 499 1252 567 1291; x_wconf 92' lang='lat' dir='ltr'>cum</span> <span class='ocrx_word' id='word_1_71' title='bbox 588 1252 667 1292; x_wconf 88' lang='lat' dir='ltr'>unns</span> <span class='ocrx_word' id='word_1_72' title='bbox 686 1231 718 1291; x_wconf 91' lang='lat' dir='ltr'>in</span> <span class='ocrx_word' id='word_1_73' title='bbox 737 1232 859 1294; x_wconf 85' lang='lat' dir='ltr'>civitate</span> <span class='ocrx_word' id='word_1_74' title='bbox 877 1235 1009 1295; x_wconf 82' lang='lat' dir='ltr'>maxime</span> 
     </span>
     <span class='ocr_line' id='line_1_13' title="bbox 118 1303 1008 1392; baseline 0.015 -31"><span class='ocrx_word' id='word_1_75' title='bbox 118 1303 243 1380; x_wconf 89' lang='lat' dir='ltr'>floreret,</span> <span class='ocrx_word' id='word_1_76' title='bbox 255 1309 370 1370; x_wconf 85' lang='lat' dir='ltr'>incidit</span> <span class='ocrx_word' id='word_1_77' title='bbox 384 1311 416 1369; x_wconf 91' lang='lat' dir='ltr'>in</span> <span class='ocrx_word' id='word_1_78' title='bbox 431 1312 558 1371; x_wconf 92' lang='lat' dir='ltr'>eandem</span> <span class='ocrx_word' id='word_1_79' title='bbox 572 1313 729 1386; x_wconf 89' lang='lat' dir='ltr'>invidiam,</span> <span class='ocrx_word' id='word_1_80' title='bbox 741 1335 831 1392; x_wconf 86' lang='lat' dir='ltr'>quam</span> <span class='ocrx_word' id='word_1_81' title='bbox 842 1325 928 1392; x_wconf 89' lang='lat' dir='ltr'>pater</span> <span class='ocrx_word' id='word_1_82' title='bbox 938 1336 1008 1375; x_wconf 89' lang='lat' dir='ltr'>suus</span> 
     </span>
     <span class='ocr_line' id='line_1_14' title="bbox 119 1387 1008 1472; baseline 0.011 -28"><span class='ocrx_word' id='word_1_83' title='bbox 119 1387 268 1466; x_wconf 85' lang='lat' dir='ltr'>ceterique</span> <span class='ocrx_word' id='word_1_84' title='bbox 290 1390 528 1451; x_wconf 82' lang='lat' dir='ltr'>Atheniensium</span> <span class='ocrx_word' id='word_1_85' title='bbox 556 1393 715 1472; x_wconf 77' lang='lat' dir='ltr'>principes.</span> <span class='ocrx_word' id='word_1_86' title='bbox 757 1393 837 1453; x_wconf 89' lang='lat' dir='ltr'>Nam</span> <span class='ocrx_word' id='word_1_87' title='bbox 865 1405 1008 1454; x_wconf 88' lang='lat' dir='ltr'>testarum</span> 
     </span>
     <span class='ocr_line' id='line_1_15' title="bbox 118 1466 1008 1550; baseline 0.013 -28"><span class='ocrx_word' id='word_1_88' title='bbox 118 1466 277 1546; x_wconf 75' lang='lat' dir='ltr'>suffragiis,</span> <span class='ocrx_word' id='word_1_89' title='bbox 293 1472 378 1550; x_wconf 89' lang='lat' dir='ltr'>quod</span> <span class='ocrx_word' id='word_1_90' title='bbox 398 1472 446 1530; x_wconf 93' lang='lat' dir='ltr'>illi</span> <span class='ocrx_word' id='word_1_91' title='bbox 467 1474 673 1533; x_wconf 86' lang='lat' dir='ltr'>ostracismum</span> <span class='ocrx_word' id='word_1_92' title='bbox 694 1484 813 1547; x_wconf 84' lang='lat' dir='ltr'>vocant,</span> <span class='ocrx_word' id='word_1_93' title='bbox 834 1476 935 1534; x_wconf 86' lang='lat' dir='ltr'>decem</span> <span class='ocrx_word' id='word_1_94' title='bbox 957 1496 1008 1535; x_wconf 93' lang='lat' dir='ltr'>an·</span> 
     </span>
     <span class='ocr_line' id='line_1_16' title="bbox 119 1552 1061 1633; baseline 0.014 -30"><span class='ocrx_word' id='word_1_95' title='bbox 119 1565 225 1608; x_wconf 89' lang='lat' dir='ltr'>norum</span> <span class='ocrx_word' id='word_1_96' title='bbox 255 1552 367 1611; x_wconf 86' lang='lat' dir='ltr'>exsilio</span> <span class='ocrx_word' id='word_1_97' title='bbox 395 1552 543 1612; x_wconf 87' lang='lat' dir='ltr'>multatus</span> <span class='ocrx_word' id='word_1_98' title='bbox 571 1564 622 1614; x_wconf 85' lang='lat' dir='ltr'>est.</span> <span class='ocrx_word' id='word_1_99' title='bbox 665 1554 758 1633; x_wconf 85' lang='lat' dir='ltr'>Cujus</span> <span class='ocrx_word' id='word_1_100' title='bbox 786 1555 857 1614; x_wconf 89' lang='lat' dir='ltr'>facti</span> <span class='ocrx_word' id='word_1_101' title='bbox 885 1555 1008 1616; x_wconf 88' lang='lat' dir='ltr'>celerius</span> <span class='ocrx_word' id='word_1_102' title='bbox 1023 1557 1061 1616; x_wconf 83' lang='lat'>15</span> 
     </span>
     <span class='ocr_line' id='line_1_17' title="bbox 118 1625 1008 1713; baseline 0.012 -28"><span class='ocrx_word' id='word_1_103' title='bbox 118 1625 324 1692; x_wconf 82' lang='lat' dir='ltr'>Athenienses</span> <span class='ocrx_word' id='word_1_104' title='bbox 345 1653 437 1711; x_wconf 91' lang='lat' dir='ltr'>quam</span> <span class='ocrx_word' id='word_1_105' title='bbox 460 1633 556 1712; x_wconf 93' lang='lat' dir='ltr'>ipsum</span> <span class='ocrx_word' id='word_1_106' title='bbox 578 1636 736 1713; x_wconf 90' lang='lat' dir='ltr'>poenituit.</span> <span class='ocrx_word' id='word_1_107' title='bbox 778 1635 858 1694; x_wconf 84' lang='lat' dir='ltr'>Nam</span> <span class='ocrx_word' id='word_1_108' title='bbox 873 1656 941 1696; x_wconf 86' lang='lat' dir='ltr'>cnm</span> <span class='ocrx_word' id='word_1_109' title='bbox 956 1636 1008 1696; x_wconf 95' lang='lat' dir='ltr'>ille</span> 
     </span>
     <span class='ocr_line' id='line_1_18' title="bbox 119 1708 1009 1792; baseline 0.012 -27"><span class='ocrx_word' id='word_1_110' title='bbox 119 1708 219 1771; x_wconf 91' lang='lat' dir='ltr'>animo</span> <span class='ocrx_word' id='word_1_111' title='bbox 234 1711 312 1773; x_wconf 87' lang='lat' dir='ltr'>forti</span> <span class='ocrx_word' id='word_1_112' title='bbox 325 1713 461 1774; x_wconf 87' lang='lat' dir='ltr'>invidiae</span> <span class='ocrx_word' id='word_1_113' title='bbox 475 1713 663 1792; x_wconf 87' lang='lat' dir='ltr'>ingratorum</span> <span class='ocrx_word' id='word_1_114' title='bbox 674 1715 786 1775; x_wconf 87' lang='lat' dir='ltr'>civium</span> <span class='ocrx_word' id='word_1_115' title='bbox 798 1717 937 1789; x_wconf 83' lang='lat' dir='ltr'>cessisset,</span> <span class='ocrx_word' id='word_1_116' title='bbox 949 1717 1009 1776; x_wconf 93' lang='lat' dir='ltr'>hel·</span> 
     </span>
     <span class='ocr_line' id='line_1_19' title="bbox 119 1786 1008 1870; baseline 0.009 -22"><span class='ocrx_word' id='word_1_117' title='bbox 119 1786 244 1870; x_wconf 93' lang='lat' dir='ltr'>lumque</span> <span class='ocrx_word' id='word_1_118' title='bbox 255 1793 493 1854; x_wconf 88' lang='lat' dir='ltr'>Lacedaemonii</span> <span class='ocrx_word' id='word_1_119' title='bbox 501 1793 736 1854; x_wconf 87' lang='lat' dir='ltr'>Atheniensibus</span> <span class='ocrx_word' id='word_1_120' title='bbox 747 1796 932 1868; x_wconf 84' lang='lat' dir='ltr'>indixissent,</span> <span class='ocrx_word' id='word_1_121' title='bbox 941 1817 1008 1856; x_wconf 89' lang='lat' dir='ltr'>con·</span> 
     </span>
     <span class='ocr_line' id='line_1_20' title="bbox 119 1868 1007 1954; baseline 0.009 -26"><span class='ocrx_word' id='word_1_122' title='bbox 119 1868 217 1932; x_wconf 77' lang='lat' dir='ltr'>festim</span> <span class='ocrx_word' id='word_1_123' title='bbox 233 1883 327 1934; x_wconf 89' lang='lat' dir='ltr'>notae</span> <span class='ocrx_word' id='word_1_124' title='bbox 336 1876 404 1954; x_wconf 89' lang='lat' dir='ltr'>ejus</span> <span class='ocrx_word' id='word_1_125' title='bbox 418 1875 541 1936; x_wconf 87' lang='lat' dir='ltr'>virtutis</span> <span class='ocrx_word' id='word_1_126' title='bbox 555 1876 736 1934; x_wconf 88' lang='lat' dir='ltr'>desiderium</span> <span class='ocrx_word' id='word_1_127' title='bbox 751 1887 942 1936; x_wconf 89' lang='lat' dir='ltr'>consecutum</span> <span class='ocrx_word' id='word_1_128' title='bbox 956 1887 1007 1936; x_wconf 89' lang='lat' dir='ltr'>est.</span> 
     </span>
     <span class='ocr_line' id='line_1_21' title="bbox 121 1949 1062 2034; baseline 0.011 -26"><span class='ocrx_word' id='word_1_129' title='bbox 121 1949 229 2032; x_wconf 90' lang='lat' dir='ltr'>Itaque</span> <span class='ocrx_word' id='word_1_130' title='bbox 244 1965 314 2034; x_wconf 87' lang='lat' dir='ltr'>post</span> <span class='ocrx_word' id='word_1_131' title='bbox 334 1975 450 2015; x_wconf 89' lang='lat' dir='ltr'>annum</span> <span class='ocrx_word' id='word_1_132' title='bbox 465 1955 604 2033; x_wconf 93' lang='lat' dir='ltr'>quintum</span> <span class='ocrx_word' id='word_1_133' title='bbox 619 1977 711 2034; x_wconf 88' lang='lat' dir='ltr'>quam</span> <span class='ocrx_word' id='word_1_134' title='bbox 726 1957 868 2034; x_wconf 87' lang='lat' dir='ltr'>expulsus</span> <span class='ocrx_word' id='word_1_135' title='bbox 889 1967 962 2028; x_wconf 86' lang='lat' dir='ltr'>erat,</span> <span class='ocrx_word' id='word_1_136' title='bbox 977 1958 1008 2016; x_wconf 91' lang='lat' dir='ltr'>in</span> <span class='ocrx_word' id='word_1_137' title='bbox 1023 1959 1062 2019; x_wconf 82' lang='lat'>20</span> 
     </span>
     <span class='ocr_line' id='line_1_22' title="bbox 120 2035 1008 2115; baseline 0.005 -23"><span class='ocrx_word' id='word_1_138' title='bbox 120 2036 255 2109; x_wconf 87' lang='lat' dir='ltr'>patriam</span> <span class='ocrx_word' id='word_1_139' title='bbox 270 2047 428 2098; x_wconf 90' lang='lat' dir='ltr'>revocatus</span> <span class='ocrx_word' id='word_1_140' title='bbox 448 2045 499 2096; x_wconf 90' lang='lat' dir='ltr'>est.</span> <span class='ocrx_word' id='word_1_141' title='bbox 541 2035 608 2108; x_wconf 82' lang='lat' dir='ltr'>ille,</span> <span class='ocrx_word' id='word_1_142' title='bbox 623 2037 703 2114; x_wconf 93' lang='lat' dir='ltr'>quod</span> <span class='ocrx_word' id='word_1_143' title='bbox 718 2037 846 2115; x_wconf 89' lang='lat' dir='ltr'>hospitio</span> <span class='ocrx_word' id='word_1_144' title='bbox 860 2037 1008 2096; x_wconf 85' lang='lat' dir='ltr'>Lacedae</span> 
     </span>
     <span class='ocr_line' id='line_1_23' title="bbox 122 2116 1009 2188; baseline 0.008 -18"><span class='ocrx_word' id='word_1_145' title='bbox 122 2117 293 2176; x_wconf 90' lang='lat' dir='ltr'>moniorum</span> <span class='ocrx_word' id='word_1_146' title='bbox 321 2117 475 2188; x_wconf 87' lang='lat' dir='ltr'>utebatur,</span> <span class='ocrx_word' id='word_1_147' title='bbox 501 2117 594 2176; x_wconf 89' lang='lat' dir='ltr'>satius</span> <span class='ocrx_word' id='word_1_148' title='bbox 623 2116 797 2175; x_wconf 84' lang='lat' dir='ltr'>existimans</span> <span class='ocrx_word' id='word_1_149' title='bbox 832 2117 1009 2178; x_wconf 88' lang='lat' dir='ltr'>contendere</span> 
     </span>
     <span class='ocr_line' id='line_1_24' title="bbox 123 2191 1008 2276; baseline 0.006 -24"><span class='ocrx_word' id='word_1_150' title='bbox 123 2191 392 2270; x_wconf 90' lang='lat' dir='ltr'>Lacedaemonem,</span> <span class='ocrx_word' id='word_1_151' title='bbox 407 2217 462 2256; x_wconf 86' lang='lat' dir='ltr'>sua</span> <span class='ocrx_word' id='word_1_152' title='bbox 482 2206 587 2275; x_wconf 88' lang='lat' dir='ltr'>sponte</span> <span class='ocrx_word' id='word_1_153' title='bbox 607 2206 652 2256; x_wconf 91' lang='lat' dir='ltr'>est</span> <span class='ocrx_word' id='word_1_154' title='bbox 672 2197 830 2275; x_wconf 86' lang='lat' dir='ltr'>profectus,</span> <span class='ocrx_word' id='word_1_155' title='bbox 845 2217 1008 2276; x_wconf 88' lang='lat' dir='ltr'>pacemque</span> 
     </span>
     <span class='ocr_line' id='line_1_25' title="bbox 122 2273 1008 2356; baseline 0.007 -25"><span class='ocrx_word' id='word_1_156' title='bbox 122 2273 200 2336; x_wconf 89' lang='lat' dir='ltr'>iuter</span> <span class='ocrx_word' id='word_1_157' title='bbox 214 2278 291 2337; x_wconf 88' lang='lat' dir='ltr'>duas</span> <span class='ocrx_word' id='word_1_158' title='bbox 305 2277 527 2356; x_wconf 89' lang='lat' dir='ltr'>potentissimas</span> <span class='ocrx_word' id='word_1_159' title='bbox 547 2277 684 2337; x_wconf 86' lang='lat' dir='ltr'>civitates</span> <span class='ocrx_word' id='word_1_160' title='bbox 704 2277 885 2338; x_wconf 88' lang='lat' dir='ltr'>conciliavit.</span> <span class='ocrx_word' id='word_1_161' title='bbox 928 2277 1008 2350; x_wconf 90' lang='lat' dir='ltr'>Post,</span> 
     </span>
     <span class='ocr_line' id='line_1_26' title="bbox 124 2356 1061 2436; baseline 0.005 -23"><span class='ocrx_word' id='word_1_162' title='bbox 124 2374 218 2436; x_wconf 90' lang='lat' dir='ltr'>neque</span> <span class='ocrx_word' id='word_1_163' title='bbox 233 2358 276 2417; x_wconf 88' lang='lat' dir='ltr'>ita</span> <span class='ocrx_word' id='word_1_164' title='bbox 290 2358 398 2429; x_wconf 92' lang='lat' dir='ltr'>multo,</span> <span class='ocrx_word' id='word_1_165' title='bbox 414 2357 549 2435; x_wconf 88' lang='lat' dir='ltr'>Cyprum</span> <span class='ocrx_word' id='word_1_166' title='bbox 564 2378 633 2416; x_wconf 89' lang='lat' dir='ltr'>cum</span> <span class='ocrx_word' id='word_1_167' title='bbox 652 2357 788 2416; x_wconf 88' lang='lat' dir='ltr'>ducentis</span> <span class='ocrx_word' id='word_1_168' title='bbox 807 2356 937 2418; x_wconf 85' lang='lat' dir='ltr'>navibus</span> <span class='ocrx_word' id='word_1_169' title='bbox 956 2357 1009 2416; x_wconf 92' lang='lat' dir='ltr'>im-</span> <span class='ocrx_word' id='word_1_170' title='bbox 1023 2359 1061 2418; x_wconf 85' lang='lat'>25</span> 
     </span>
     <span class='ocr_line' id='line_1_27' title="bbox 124 2437 1009 2516; baseline 0.002 -20"><span class='ocrx_word' id='word_1_171' title='bbox 124 2448 244 2513; x_wconf 86' lang='lat' dir='ltr'>perator</span> <span class='ocrx_word' id='word_1_172' title='bbox 257 2437 374 2510; x_wconf 86' lang='lat' dir='ltr'>missus,</span> <span class='ocrx_word' id='word_1_173' title='bbox 386 2458 455 2496; x_wconf 92' lang='lat' dir='ltr'>cum</span> <span class='ocrx_word' id='word_1_174' title='bbox 471 2439 534 2516; x_wconf 85' lang='lat' dir='ltr'>ejus</span> <span class='ocrx_word' id='word_1_175' title='bbox 548 2438 691 2516; x_wconf 87' lang='lat' dir='ltr'>majorem</span> <span class='ocrx_word' id='word_1_176' title='bbox 702 2447 820 2516; x_wconf 89' lang='lat' dir='ltr'>partem</span> <span class='ocrx_word' id='word_1_177' title='bbox 831 2438 948 2497; x_wconf 91' lang='lat' dir='ltr'>insulae</span> <span class='ocrx_word' id='word_1_178' title='bbox 961 2440 1009 2498; x_wconf 81' lang='lat' dir='ltr'>de</span> 
     </span>
     <span class='ocr_line' id='line_1_28' title="bbox 124 2516 1010 2597; baseline 0.001 -20"><span class='ocrx_word' id='word_1_179' title='bbox 124 2516 250 2590; x_wconf 80' lang='lat' dir='ltr'>vicisset,</span> <span class='ocrx_word' id='word_1_180' title='bbox 267 2519 299 2577; x_wconf 93' lang='lat' dir='ltr'>in</span> <span class='ocrx_word' id='word_1_181' title='bbox 324 2517 466 2578; x_wconf 92' lang='lat' dir='ltr'>morbum</span> <span class='ocrx_word' id='word_1_182' title='bbox 489 2518 655 2597; x_wconf 85' lang='lat' dir='ltr'>implicitus</span> <span class='ocrx_word' id='word_1_183' title='bbox 678 2518 709 2577; x_wconf 92' lang='lat' dir='ltr'>in</span> <span class='ocrx_word' id='word_1_184' title='bbox 734 2518 845 2597; x_wconf 92' lang='lat' dir='ltr'>oppido</span> <span class='ocrx_word' id='word_1_185' title='bbox 866 2517 945 2579; x_wconf 87' lang='lat' dir='ltr'>Citio</span> <span class='ocrx_word' id='word_1_186' title='bbox 966 2528 1010 2578; x_wconf 87' lang='lat' dir='ltr'>est</span> 
     </span>
     <span class='ocr_line' id='line_1_29' title="bbox 125 2606 324 2658; baseline 0.015 -2"><span class='ocrx_word' id='word_1_187' title='bbox 125 2607 267 2658; x_wconf 89' lang='lat' dir='ltr'>mortuus.</span> <span class='ocrx_word' id='word_1_188' title='bbox 320 2606 324 2617; x_wconf 90' lang='lat'>&#39;</span> 
     </span>
    </p>

    <p class='ocr_par' dir='ltr' id='par_1_4' title="bbox 125 2677 1063 3547">
     <span class='ocr_line' id='line_1_30' title="bbox 163 2677 1009 2752; baseline 0.001 -16"><span class='ocrx_word' id='word_1_189' title='bbox 163 2677 220 2739; x_wconf 91' lang='lat' dir='ltr'>IV.</span> <span class='ocrx_word' id='word_1_190' title='bbox 236 2677 537 2739; x_wconf 88' lang='lat' dir='ltr'>HunoAthenienses</span> <span class='ocrx_word' id='word_1_191' title='bbox 546 2699 606 2740; x_wconf 93' lang='lat' dir='ltr'>non</span> <span class='ocrx_word' id='word_1_192' title='bbox 615 2678 851 2752; x_wconf 86' lang='lat' dir='ltr'>soluminhello,</span> <span class='ocrx_word' id='word_1_193' title='bbox 858 2678 910 2739; x_wconf 89' lang='lat' dir='ltr'>sed</span> <span class='ocrx_word' id='word_1_194' title='bbox 918 2679 1009 2739; x_wconf 91' lang='lat' dir='ltr'>etiam</span> 
     </span>
     <span class='ocr_line' id='line_1_31' title="bbox 125 2757 1062 2837; baseline 0.003 -20"><span class='ocrx_word' id='word_1_195' title='bbox 125 2757 156 2817; x_wconf 92' lang='lat' dir='ltr'>in</span> <span class='ocrx_word' id='word_1_196' title='bbox 165 2779 240 2837; x_wconf 93' lang='lat' dir='ltr'>pace</span> <span class='ocrx_word' id='word_1_197' title='bbox 250 2760 305 2818; x_wconf 93' lang='lat' dir='ltr'>diu</span> <span class='ocrx_word' id='word_1_198' title='bbox 314 2758 569 2819; x_wconf 89' lang='lat' dir='ltr'>desideraverunt.</span> <span class='ocrx_word' id='word_1_199' title='bbox 612 2759 686 2819; x_wconf 90' lang='lat' dir='ltr'>Fuit</span> <span class='ocrx_word' id='word_1_200' title='bbox 697 2760 777 2819; x_wconf 90' lang='lat' dir='ltr'>enim</span> <span class='ocrx_word' id='word_1_201' title='bbox 786 2769 871 2819; x_wconf 90' lang='lat' dir='ltr'>tanta</span> <span class='ocrx_word' id='word_1_202' title='bbox 880 2759 1009 2818; x_wconf 91' lang='lat' dir='ltr'>liberali·</span> <span class='ocrx_word' id='word_1_203' title='bbox 1023 2760 1062 2820; x_wconf 88' lang='lat'>30</span> 
     </span>
     <span class='ocr_line' id='line_1_32' title="bbox 125 2838 1035 2918; baseline -0.001 -19"><span class='ocrx_word' id='word_1_204' title='bbox 125 2847 193 2913; x_wconf 89' lang='lat' dir='ltr'>tate,</span> <span class='ocrx_word' id='word_1_205' title='bbox 208 2860 280 2899; x_wconf 91' lang='lat' dir='ltr'>cum</span> <span class='ocrx_word' id='word_1_206' title='bbox 294 2838 501 2916; x_wconf 86' lang='lat' dir='ltr'>compluribus</span> <span class='ocrx_word' id='word_1_207' title='bbox 515 2838 587 2899; x_wconf 91' lang='lat' dir='ltr'>locis</span> <span class='ocrx_word' id='word_1_208' title='bbox 601 2839 726 2918; x_wconf 91' lang='lat' dir='ltr'>praedia</span> <span class='ocrx_word' id='word_1_209' title='bbox 740 2839 900 2918; x_wconf 89' lang='lat' dir='ltr'>hortosque</span> <span class='ocrx_word' id='word_1_210' title='bbox 921 2839 1009 2898; x_wconf 84' lang='lat' dir='ltr'>habe</span> <span class='ocrx_word' id='word_1_211' title='bbox 1031 2849 1035 2856; x_wconf 88' lang='lat'>&#39;</span> 
     </span>
     <span class='ocr_line' id='line_1_33' title="bbox 126 2919 1009 2998; baseline 0.001 -22"><span class='ocrx_word' id='word_1_212' title='bbox 126 2929 177 2991; x_wconf 90' lang='lat' dir='ltr'>ret,</span> <span class='ocrx_word' id='word_1_213' title='bbox 192 2928 228 2978; x_wconf 93' lang='lat' dir='ltr'>ut</span> <span class='ocrx_word' id='word_1_214' title='bbox 241 2939 411 2996; x_wconf 88' lang='lat' dir='ltr'>numquam</span> <span class='ocrx_word' id='word_1_215' title='bbox 425 2919 456 2976; x_wconf 90' lang='lat' dir='ltr'>in</span> <span class='ocrx_word' id='word_1_216' title='bbox 471 2919 512 2978; x_wconf 91' lang='lat' dir='ltr'>eis</span> <span class='ocrx_word' id='word_1_217' title='bbox 526 2921 680 2979; x_wconf 87' lang='lat' dir='ltr'>custodem</span> <span class='ocrx_word' id='word_1_218' title='bbox 699 2919 874 2998; x_wconf 88' lang='lat' dir='ltr'>imposuerit</span> <span class='ocrx_word' id='word_1_219' title='bbox 894 2919 1009 2978; x_wconf 86' lang='lat' dir='ltr'>fructus</span> 
     </span>
     <span class='ocr_line' id='line_1_34' title="bbox 125 2998 1010 3078; baseline -0.001 -19"><span class='ocrx_word' id='word_1_220' title='bbox 125 2999 266 3059; x_wconf 88' lang='lat' dir='ltr'>servandi</span> <span class='ocrx_word' id='word_1_221' title='bbox 280 2998 389 3076; x_wconf 87' lang='lat' dir='ltr'>gratia,</span> <span class='ocrx_word' id='word_1_222' title='bbox 403 3019 441 3058; x_wconf 90' lang='lat' dir='ltr'>ne</span> <span class='ocrx_word' id='word_1_223' title='bbox 455 2999 521 3077; x_wconf 87' lang='lat' dir='ltr'>quis</span> <span class='ocrx_word' id='word_1_224' title='bbox 535 2999 741 3077; x_wconf 86' lang='lat' dir='ltr'>impediretur,</span> <span class='ocrx_word' id='word_1_225' title='bbox 756 3021 815 3078; x_wconf 94' lang='lat' dir='ltr'>quo</span> <span class='ocrx_word' id='word_1_226' title='bbox 829 3000 928 3057; x_wconf 89' lang='lat' dir='ltr'>minus</span> <span class='ocrx_word' id='word_1_227' title='bbox 948 3000 1010 3077; x_wconf 88' lang='lat' dir='ltr'>ejus</span> 
     </span>
     <span class='ocr_line' id='line_1_35' title="bbox 125 3077 1010 3157; baseline 0.001 -21"><span class='ocrx_word' id='word_1_228' title='bbox 125 3079 221 3150; x_wconf 91' lang='lat' dir='ltr'>rebus,</span> <span class='ocrx_word' id='word_1_229' title='bbox 232 3077 345 3156; x_wconf 91' lang='lat' dir='ltr'>quibus</span> <span class='ocrx_word' id='word_1_230' title='bbox 359 3078 482 3156; x_wconf 91' lang='lat' dir='ltr'>quisque</span> <span class='ocrx_word' id='word_1_231' title='bbox 492 3079 593 3151; x_wconf 90' lang='lat' dir='ltr'>vellet,</span> <span class='ocrx_word' id='word_1_232' title='bbox 604 3080 763 3140; x_wconf 84' lang='lat' dir='ltr'>frueretur.</span> <span class='ocrx_word' id='word_1_233' title='bbox 804 3079 928 3157; x_wconf 79' lang='lat' dir='ltr'>Semper</span> <span class='ocrx_word' id='word_1_234' title='bbox 941 3099 1010 3138; x_wconf 93' lang='lat' dir='ltr'>eum</span> 
     </span>
     <span class='ocr_line' id='line_1_36' title="bbox 125 3157 1063 3237; baseline 0.003 -21"><span class='ocrx_word' id='word_1_235' title='bbox 125 3157 281 3237; x_wconf 88' lang='lat' dir='ltr'>pedisequi</span> <span class='ocrx_word' id='word_1_236' title='bbox 302 3176 371 3215; x_wconf 91' lang='lat' dir='ltr'>oum</span> <span class='ocrx_word' id='word_1_237' title='bbox 392 3159 521 3217; x_wconf 90' lang='lat' dir='ltr'>nummis</span> <span class='ocrx_word' id='word_1_238' title='bbox 542 3169 612 3218; x_wconf 90' lang='lat' dir='ltr'>sunt</span> <span class='ocrx_word' id='word_1_239' title='bbox 632 3159 735 3232; x_wconf 89' lang='lat' dir='ltr'>secuti,</span> <span class='ocrx_word' id='word_1_240' title='bbox 754 3169 797 3232; x_wconf 90' lang='lat' dir='ltr'>ut,</span> <span class='ocrx_word' id='word_1_241' title='bbox 814 3161 839 3218; x_wconf 91' lang='lat' dir='ltr'>si</span> <span class='ocrx_word' id='word_1_242' title='bbox 860 3160 926 3236; x_wconf 90' lang='lat' dir='ltr'>quis</span> <span class='ocrx_word' id='word_1_243' title='bbox 946 3159 1010 3237; x_wconf 90' lang='lat' dir='ltr'>opis</span> <span class='ocrx_word' id='word_1_244' title='bbox 1025 3157 1063 3218; x_wconf 81' lang='lat'>35</span> 
     </span>
     <span class='ocr_line' id='line_1_37' title="bbox 126 3236 1011 3317; baseline -0.005 -19"><span class='ocrx_word' id='word_1_245' title='bbox 126 3240 186 3317; x_wconf 88' lang='lat' dir='ltr'>ejus</span> <span class='ocrx_word' id='word_1_246' title='bbox 207 3237 368 3312; x_wconf 86' lang='lat' dir='ltr'>indigeret,</span> <span class='ocrx_word' id='word_1_247' title='bbox 389 3236 512 3296; x_wconf 91' lang='lat' dir='ltr'>haberet</span> <span class='ocrx_word' id='word_1_248' title='bbox 533 3239 613 3315; x_wconf 93' lang='lat' dir='ltr'>quod</span> <span class='ocrx_word' id='word_1_249' title='bbox 634 3239 736 3297; x_wconf 91' lang='lat' dir='ltr'>statim</span> <span class='ocrx_word' id='word_1_250' title='bbox 757 3240 851 3308; x_wconf 88' lang='lat' dir='ltr'>daret,</span> <span class='ocrx_word' id='word_1_251' title='bbox 872 3258 910 3294; x_wconf 93' lang='lat' dir='ltr'>ne</span> <span class='ocrx_word' id='word_1_252' title='bbox 930 3239 1011 3295; x_wconf 73' lang='lat' dir='ltr'>dille</span> 
     </span>
     <span class='ocr_line' id='line_1_38' title="bbox 126 3315 1012 3392; baseline -0.01 -15"><span class='ocrx_word' id='word_1_253' title='bbox 126 3318 218 3377; x_wconf 92' lang='lat' dir='ltr'>rendo</span> <span class='ocrx_word' id='word_1_254' title='bbox 233 3315 389 3376; x_wconf 88' lang='lat' dir='ltr'>videretur</span> <span class='ocrx_word' id='word_1_255' title='bbox 402 3335 520 3392; x_wconf 85' lang='lat' dir='ltr'>negare.</span> <span class='ocrx_word' id='word_1_256' title='bbox 561 3317 666 3392; x_wconf 82' lang='lat' dir='ltr'>Saepe,</span> <span class='ocrx_word' id='word_1_257' title='bbox 681 3335 750 3372; x_wconf 91' lang='lat' dir='ltr'>cum</span> <span class='ocrx_word' id='word_1_258' title='bbox 771 3315 903 3389; x_wconf 90' lang='lat' dir='ltr'>aliquem</span> <span class='ocrx_word' id='word_1_259' title='bbox 924 3316 1012 3370; x_wconf 85' lang='lat' dir='ltr'>offen-</span> 
     </span>
     <span class='ocr_line' id='line_1_39' title="bbox 127 3389 1013 3457; baseline -0.017 -1"><span class='ocrx_word' id='word_1_260' title='bbox 127 3417 191 3456; x_wconf 90' lang='lat' dir='ltr'>sum</span> <span class='ocrx_word' id='word_1_261' title='bbox 205 3395 332 3454; x_wconf 86' lang='lat' dir='ltr'>fortuna</span> <span class='ocrx_word' id='word_1_262' title='bbox 341 3393 458 3454; x_wconf 89' lang='lat' dir='ltr'>videret</span> <span class='ocrx_word' id='word_1_263' title='bbox 471 3394 571 3451; x_wconf 88' lang='lat' dir='ltr'>minus</span> <span class='ocrx_word' id='word_1_264' title='bbox 584 3393 661 3451; x_wconf 90' lang='lat' dir='ltr'>bene</span> <span class='ocrx_word' id='word_1_265' title='bbox 675 3392 826 3457; x_wconf 89' lang='lat' dir='ltr'>vestitum,</span> <span class='ocrx_word' id='word_1_266' title='bbox 839 3408 927 3444; x_wconf 90' lang='lat' dir='ltr'>suum</span> <span class='ocrx_word' id='word_1_267' title='bbox 942 3389 1013 3443; x_wconf 88' lang='lat' dir='ltr'>ami-</span> 
     </span>
     <span class='ocr_line' id='line_1_40' title="bbox 128 3463 1014 3547; baseline -0.024 -12"><span class='ocrx_word' id='word_1_268' title='bbox 128 3476 231 3537; x_wconf 89' lang='lat' dir='ltr'>culum</span> <span class='ocrx_word' id='word_1_269' title='bbox 245 3471 340 3532; x_wconf 87' lang='lat' dir='ltr'>dedit.</span> <span class='ocrx_word' id='word_1_270' title='bbox 382 3472 527 3547; x_wconf 72' lang='lat' dir='ltr'>Quotidie</span> <span class='ocrx_word' id='word_1_271' title='bbox 545 3471 587 3529; x_wconf 89' lang='lat' dir='ltr'>sic</span> <span class='ocrx_word' id='word_1_272' title='bbox 606 3487 699 3527; x_wconf 91' lang='lat' dir='ltr'>coena</span> <span class='ocrx_word' id='word_1_273' title='bbox 718 3467 746 3523; x_wconf 91' lang='lat' dir='ltr'>ei</span> <span class='ocrx_word' id='word_1_274' title='bbox 763 3463 956 3538; x_wconf 89' lang='lat' dir='ltr'>coquebatur,</span> <span class='ocrx_word' id='word_1_275' title='bbox 970 3468 1014 3526; x_wconf 88' lang='lat' dir='ltr'>nt,</span> 
     </span>
    </p>
   </div>
   <div class='ocr_carea' id='block_1_3' title="bbox 0 0 1247 3792">
    <p class='ocr_par' dir='ltr' id='par_1_5' title="bbox 0 0 1247 3792">
     <span class='ocr_line' id='line_1_41' title="bbox 0 0 1247 3792; baseline 0 0"><span class='ocrx_word' id='word_1_276' title='bbox 0 0 1247 3792; x_wconf 95' lang='lat' dir='ltr'> </span> 
     </span>
    </p>
   </div>
  </div>
 </body>
</html>
