2475 3792
500 245 652 295 GONON.
1021 231 1066 296 ⁴13

118 405 259 479 audisset,
282 425 347 466 non
370 403 530 485 quaesivit,
552 403 607 465 ubi
630 404 696 483 ipse
718 411 787 466 tuto
810 404 936 479 viveret,
957 404 1011 466 sed

117 486 197 546 unde
210 486 366 566 praesidio
380 493 480 564 posset
493 506 555 546 esse
568 484 686 546 civibus
700 485 772 564 suis.
813 483 923 564 Itaque
942 505 1011 546 con·

117 565 190 627 tulit
202 587 237 626 se
250 566 292 626 ad
303 565 548 638 Pharnabazum,
558 575 710 644 satrapem
720 565 826 625 Ioniae
838 574 870 625 et
883 565 1010 644 Lydiae,

117 646 312 725 eundemque
338 666 484 724 generum
511 645 589 724 regis
615 654 647 705 et
674 645 895 724 propinquum;
926 645 1010 724 apud

117 747 208 806 quem
229 735 268 786 ut
287 725 420 786 multum
441 725 540 804 gratia
553 725 679 798 valeret,
692 724 790 785 multo
810 724 914 785 labore
933 726 1011 785 mul·
1042 725 1063 788 5

116 808 217 886 tisque
245 805 345 866 effecit
371 805 522 885 periculis.
564 804 647 864 Nam
671 825 742 865 cum
766 804 1009 879 Iacedaemonii,

116 886 360 948 Atheniensibus
383 885 519 958 devictis,
540 885 572 945 in
597 885 739 948 societate
759 905 821 945 non
843 894 1008 959 manerent,

117 988 212 1046 quam
227 987 299 1026 cum
313 965 490 1026 Artaxerxe
502 965 645 1038 fecerant,
658 965 897 1045 Agesilaumque
915 965 1009 1027 bella·

116 1056 185 1108 tum
205 1047 358 1106 misiment
377 1047 410 1105 in
430 1044 547 1118 Asiam,
569 1046 702 1106 maxime
723 1045 847 1124 impulsi
870 1066 891 1106 a
913 1045 1010 1107 Tissa·

116 1128 245 1208 pherne,
254 1127 307 1206 qui
318 1147 357 1186 ex
367 1125 483 1186 intimis
496 1126 574 1206 regis
588 1125 628 1186 ab
641 1125 777 1186 amicitia
786 1126 850 1204 ejus
860 1125 1010 1188 defecerat
1022 1126 1062 1189 10

117 1217 148 1268 et
169 1228 243 1268 cum
263 1207 512 1266 Lacedaemoniis
532 1207 645 1267 coierat
663 1206 845 1278 societatem,
858 1205 940 1267 hunc
958 1207 1010 1267 ad·

116 1307 226 1350 versus
236 1286 452 1347 Pharnabazus
462 1285 585 1346 habitus
594 1295 639 1347 est
649 1286 829 1365 imperator3
843 1306 876 1346 re
885 1286 1009 1365 quidem

116 1389 193 1430 vera
204 1367 353 1428 exercitui
384 1366 496 1427 raefuit
506 1366 620 1440 Conon
631 1367 754 1447 ejusque
766 1365 869 1427 omnia
881 1366 1008 1428 arbitrio

117 1457 205 1530 gesta
233 1456 312 1508 sunt.
353 1387 417 1507 Illic
443 1446 575 1507 multum
603 1448 711 1507 ducem
740 1467 902 1521 summum,
929 1446 1009 1526 Age-

118 1529 242 1601 silaum,
266 1527 435 1606 impedivit,
458 1547 607 1606 saepeque
626 1528 690 1621 ejus
714 1527 846 1587 consiliis
873 1528 1007 1602 obstitit;
1022 1529 1062 1590 15

118 1629 219 1689 neque
232 1628 305 1670 vero
319 1607 452 1668 nonfuit
466 1617 614 1687 apertum,
626 1628 653 1667 s1
666 1607 720 1668 ille
732 1627 794 1668 non
807 1606 920 1681 fuisset,
928 1608 1009 1688 Age·

119 1689 233 1750 silaum
257 1688 366 1748 Asiam
389 1686 490 1748 Tauro
513 1696 601 1748 tenus
623 1687 687 1768 regi
710 1688 802 1749 fuisse
824 1697 1008 1767 erepturum.

120 1769 186 1846 Qui
196 1778 394 1849 posteaquam
408 1769 531 1828 domum
543 1787 564 1828 a
577 1766 639 1828 suis
652 1768 770 1830 civibus
783 1777 941 1830 revocatus
954 1779 1008 1844 est,

120 1851 203 1929 quod
225 1849 343 1909 Boeotii
364 1857 395 1909 et
407 1848 606 1908 Athenienses
627 1848 874 1909 Lacedaemoniis
893 1848 1008 1910 bellum

120 1931 307 2002 indixerant,
317 1928 423 1989 Conon
434 1928 531 1989 nihilo
545 1929 641 1989 secius
654 1929 738 2008 apud
750 1930 916 2008 praefectos
929 1931 1008 2010 regis
1021 1931 1061 1994 20

119 2009 301 2072 versabatur
314 2008 422 2087 hisque
434 2007 573 2069 omnibus
586 2030 697 2088 magno
711 2019 777 2070 erat
789 2009 866 2071 usui.

161 2089 224 2152 HL
246 2089 407 2149 Defecerat
426 2109 445 2148 a
465 2108 535 2168 rege
550 2087 773 2168 Tissaphernes,
786 2110 883 2171 neque
896 2090 929 2150 id
942 2100 1007 2151 tam

120 2169 291 2232 Artaxerxi
306 2189 398 2248 quam
411 2169 516 2228 ceteris
529 2177 595 2229 erat
607 2179 756 2248 apertum
797 2170 905 2232 Multis
925 2172 1007 2232 enim

119 2252 300 2331 magnisque
312 2249 427 2310 meritis
446 2249 530 2328 apud
549 2269 659 2328 regem,
674 2251 767 2310 etiam
780 2271 850 2311 cum
863 2252 896 2311 in
909 2253 1006 2314 officio

118 2352 182 2392 non
196 2339 341 2404 maneret,
354 2329 487 2392 valebat
528 2328 636 2409 Neque
655 2329 689 2390 id
707 2331 892 2405 mirandum,
905 2332 931 2392 si
944 2353 1006 2392 non
1020 2333 1059 2394 25

118 2411 211 2472 facile
230 2411 271 2471 ad
291 2410 475 2470 credendum
495 2409 712 2485 adducebatur,
725 2411 926 2485 reminiscens,
943 2413 1007 2491 ejus

118 2513 150 2552 se
158 2511 253 2570 opera
262 2490 378 2570 Cyrum
389 2491 514 2550 fratrem
524 2510 686 2569 superasse
728 2490 831 2570 Hujus
844 2492 1007 2552 accusandi

118 2572 220 2652 gratia
234 2570 341 2631 Conon
354 2590 373 2629 a
386 2569 584 2632 Pharnabazo
598 2571 638 2631 ad
652 2591 753 2650 regem
767 2572 881 2645 missus,
892 2582 1007 2652 postea·

118 2673 213 2731 quam
232 2651 327 2723 venit,
348 2650 482 2730 primum
504 2671 544 2710 ex
566 2672 650 2712 more
674 2651 835 2712 Persarum
858 2653 899 2714 ad
921 2652 1006 2713 chili-

118 2733 256 2804 archum,
284 2730 341 2811 qui
365 2729 530 2789 seeundum
563 2732 695 2810 gradum
728 2732 847 2812 imperii
874 2733 1005 2807 tenebat,
1019 2733 1058 2795 30

119 2812 327 2873 Tithraustem
342 2809 474 2882 accessit,
487 2830 577 2890 seque
590 2812 722 2872 ostendit
738 2833 807 2872 cum
828 2833 897 2894 rege
915 2813 1006 2874 collo-

119 2893 172 2972 qui
185 2891 275 2955 velle.
318 2889 417 2950 Nemo
438 2889 518 2949 enim
537 2893 602 2951 sine
622 2893 680 2952 hoc
699 2893 879 2954 admittitur.
920 2892 1006 2956 Huic

119 2973 181 3047 ille,
202 2969 355 3043 “Nulla''
384 2969 492 3047 inquit,
521 2974 633 3054 “mora
654 2981 716 3044 est;
735 2973 787 3032 sed
807 2982 842 3033 tu
862 2972 1005 3048 delibera,

119 3063 223 3113 utrum
250 3049 384 3129 colloqui
412 3049 501 3109 malis
522 3071 562 3110 an
584 3072 639 3130 per
663 3051 779 3111 litteras
805 3073 903 3131 agere,
927 3074 1006 3132 quae

119 3134 241 3212 cogitas.
285 3130 414 3190 Necesse
428 3137 472 3188 est
485 3132 574 3204 enim,
587 3131 613 3190 si
627 3131 660 3190 in
673 3140 865 3210 conspectum
880 3135 1005 3207 veneris,
1020 3131 1059 3192 35

120 3211 259 3274 venerari
272 3219 304 3270 te
316 3229 419 3288 regem
431 3210 526 3287 (quod
535 3217 699 3290 reparataque
710 3209 758 3267 illi
767 3210 902 3281 vocant).
936 3211 1007 3272 Hoc

120 3292 145 3353 si
157 3293 214 3353 tibi
228 3310 325 3371 grave
339 3298 392 3360 est,
406 3309 461 3367 per
474 3308 522 3346 me
535 3287 633 3345 nihilo
646 3287 742 3344 secius
755 3289 843 3345 editis
856 3290 1008 3346 mandatis

121 3372 270 3442 conficies,
284 3368 367 3447 quod
387 3365 515 3426 studes.”
556 3365 637 3425 Tum
657 3363 771 3433 Conon,
785 3363 892 3420 “Mihi
908 3363 1007 3431 ver0,''

122 3451 230 3531 inquit,
252 3453 342 3508 “non
369 3455 414 3505 est
441 3463 544 3522 grave,
564 3441 702 3520 quemvis
729 3439 873 3497 honorem
898 3438 1032 3506 habere,
