2475 3792
476 265 723 312 naumann.
1036 249 1094 316 101

147 421 299 500 pervenit,
314 422 397 508 quod
417 421 503 484 abest
523 441 544 484 a
563 421 658 482 Zama
671 421 790 483 circiter
802 420 889 484 milia
902 441 1045 502 passuum

147 511 293 562 trecenta.
337 502 376 562 In
395 503 452 562 hae
465 502 541 581 fuga
560 501 722 575 Numidae,
736 501 788 581 qui
808 502 899 563 simul
920 523 989 564 cum
1010 525 1045 566 eo

146 602 184 640 ex
205 583 275 642 acie
295 592 496 653 excesserant,
517 581 654 641 insidiati
673 591 743 642 suut
764 583 808 653 ei;
830 602 904 662 quos
921 603 980 644 non
1001 605 1045 646 so-

146 660 211 719 lum
234 662 357 741 effugit,
376 662 428 721 sed
450 662 543 721 etiam
565 662 644 740 ipsos
664 662 818 740 oppressit
859 663 1045 725 Hadrumeti

146 741 282 820 reliquos
295 763 314 801 e
327 743 403 820 fuga
422 741 561 820 collegit;
582 741 669 803 novis
682 741 847 803 delentibus
867 745 971 823 paucis
985 745 1045 806 die·
1078 743 1098 803 5

146 818 202 880 bus
217 821 337 882 multos
351 822 512 881 contraxit.

185 900 266 962 VH.
291 901 417 962 (himin
431 900 608 980 apparando
625 901 770 962 acerrime
783 911 859 964 esset
871 913 1044 984 occupatus,

145 978 418 1060 Carthaginienses
432 982 547 1042 bellum
562 1001 632 1041 cum
647 982 793 1044 Romanis
803 993 1042 1064 composuerunt

145 1058 206 1121 Ille
220 1061 324 1121 nihilo
338 1063 433 1123 secius
446 1062 592 1122 exercitui
611 1071 714 1141 postea
734 1062 866 1141 praefuit
886 1083 991 1144 resque
1010 1065 1042 1124 iu

145 1140 259 1201 Africa
274 1142 375 1220 gessit,
387 1142 522 1221 itemque
535 1141 637 1221 Mago,
651 1141 745 1203 frater
759 1143 831 1215 cue,
845 1144 993 1236 usquead
1007 1143 1042 1206 P.
1058 1145 1095 1206 10

145 1219 334 1300 Sulpicium,
348 1221 382 1282 C.
396 1222 560 1282 Aurelium
582 1222 725 1282 consules.
767 1164 827 1282 itis
847 1243 928 1284 enlm
950 1225 1042 1304 magi·

146 1302 298 1362 stratibus
322 1302 415 1381 legati
439 1302 703 1381 Carthaginienses
730 1301 860 1363 Romam
885 1313 1042 1379 venerunt,

147 1382 200 1459 qui
214 1382 337 1442 senatui
351 1382 524 1462 populoque
537 1382 677 1444 Romano
689 1382 802 1462 gratias
816 1392 947 1462 agerent,
961 1383 1043 1464 quod

102 1515 106 1518 .
147 1481 219 1522 cum
233 1463 285 1522 his
298 1483 403 1541 paoem
417 1463 564 1535 fecissent,
578 1462 617 1523 ob
631 1484 757 1542 eamque
777 1483 841 1524 rem
861 1483 971 1524 corona
990 1485 1042 1526 au-

148 1561 201 1602 rea
214 1563 269 1602 eos
282 1543 430 1603 donarent
443 1543 594 1622 simulque
608 1552 752 1622 peterent,
764 1553 798 1603 ut
811 1543 928 1605 obsides
937 1565 1041 1606 eorum
1056 1545 1094 1606 15

148 1621 303 1701 Fregellis
316 1633 414 1684 essent
428 1624 601 1703 captivique
614 1623 820 1684 redderentur.
860 1623 921 1685 His
940 1645 979 1685 ex
999 1646 1041 1686 se

147 1712 241 1763 natus
256 1704 393 1764 consulto
408 1723 582 1783 responsum
596 1713 658 1764 est:
678 1724 788 1764 munus
802 1723 905 1764 eorum
919 1714 1040 1784 gratum

148 1792 370 1864 acceptumque
390 1804 469 1856 esse;
490 1783 616 1857 obsides,
631 1805 691 1864 quo
710 1783 777 1845 loeo
797 1805 831 1844 ro
852 1795 947 1858 arent,
960 1787 1040 1846 futu-

148 1881 217 1936 ros3
252 1866 389 1943 captivos
416 1884 477 1924 non
504 1865 687 1938 remissuros,
715 1864 795 1944 quod
858 1865 1039 1940 annibalem,

149 1945 237 2023 cujus
258 1965 351 2023 opera
372 1954 543 2025 susceptum
564 1944 679 2005 bellum
702 1945 788 2018 foret,
801 1943 1039 2006 inimicissimum
1053 1947 1093 2010 20

149 2024 267 2084 nomini
294 2024 443 2097 Romano,
471 2025 563 2085 etiarn
597 2045 679 2086 nune
706 2046 775 2085 eum
804 2024 929 2104 imperio
957 2026 1039 2105 apud

149 2105 318 2164 exereitum
333 2104 487 2178 haberent,
501 2105 634 2186 itemque
647 2105 772 2165 fratrem
786 2105 849 2185 ejus
868 2105 1039 2198 Magonem.

149 2182 220 2244 Hoc
241 2206 383 2268 responso
405 2185 668 2264 Carthaginienses
690 2185 809 2264 cognito
832 2185 1039 2246 Hannibalem

149 2264 275 2324 domum
303 2274 333 2325 et
360 2265 522 2344 Magonem
550 2275 739 2327 revocarunt
781 2265 854 2326 Huc
880 2275 915 2326 ut
941 2267 1039 2341 rediit,

150 2354 271 2423 praeter
281 2346 380 2405 factus
393 2356 447 2419 est,
458 2355 617 2426 postquam
632 2367 686 2406 rex
697 2345 805 2418 fuerat,
816 2366 896 2406 anno
909 2348 1039 2408 secundo
1054 2349 1093 2410 25

149 2433 180 2485 et
192 2425 344 2486 vicesimo.
385 2425 432 2488 Ut
452 2427 533 2486 enim
555 2426 671 2486 Romae
693 2426 837 2500 consules,
850 2427 893 2487 sie
915 2427 1040 2488 Cartha·

148 2504 218 2584 gine
232 2506 395 2584 quotannis
414 2507 508 2566 annui
529 2505 593 2566 bini
614 2526 698 2585 reges
717 2506 905 2568 creabantur.
946 2506 985 2567 In
1005 2529 1040 2569 eo

148 2586 329 2665 magistratu
349 2586 416 2666 pari
436 2586 594 2665 diligentia
612 2607 645 2647 se
666 2586 824 2647 Hannibal
844 2586 985 2680 praebuit
1004 2608 1040 2649 ac

148 2664 251 2726 fuerat
271 2665 303 2724 in
322 2665 411 2727 bello.
452 2666 593 2747 Namque
607 2667 713 2740 effecit,
727 2687 766 2726 ex
786 2687 873 2728 novrs
886 2668 1039 2746 vectigali·

148 2743 205 2806 bus
227 2766 290 2806 non
310 2747 408 2807 solum
430 2755 465 2806 ut
486 2756 561 2808 esset
581 2748 719 2827 pecunia,
734 2767 812 2826 quae
833 2747 979 2808 Romanis
1000 2769 1038 2808 ex
1053 2749 1091 2809 30
1124 2823 1126 2828 Ι

148 2824 269 2886 foedere
292 2827 483 2906 penderetur,
505 2828 557 2888 sed
585 2828 677 2889 etiam
705 2837 878 2906 superesset,
902 2848 980 2907 quae
1006 2829 1038 2888 in

148 2905 267 2967 aerario
280 2916 483 2985 reponeretur.
524 2908 644 2968 Deinde
666 2928 745 2968 anno
767 2915 834 2987 post
855 2916 1037 2988 praeturam,

149 2985 256 3046 Marco
270 2985 410 3059 Claudio,
421 2987 516 3047 Lucio
530 2987 626 3048 Furio
641 2987 821 3061 consulibus,
832 2987 932 3048 Roma
946 2988 1038 3067 legati

148 3065 367 3144 Carthaginem
391 3077 546 3128 venerunt.
597 3067 665 3127 Hos
693 3067 852 3128 Hannibal
881 3077 964 3128 ratus
991 3070 1038 3129 sui

148 3145 331 3224 exposcendi
345 3146 444 3223 gratia
457 3147 568 3221 missos,
583 3148 759 3226 priusquam
780 3148 827 3208 his
847 3157 967 3208 senatus
987 3149 1038 3210 da·
1051 3147 1090 3208 35

149 3237 242 3298 retur,
252 3246 364 3286 navem
378 3226 512 3285 aseendit
525 3227 605 3286 clam
619 3236 712 3303 atque
723 3227 754 3283 in
765 3227 884 3304 Syriam
899 3227 939 3284 ad
950 3226 1037 3285 Anti·

148 3304 261 3365 ochum
274 3304 419 3384 profugit.
460 3305 531 3364 Hac
550 3325 584 3364 re
603 3304 707 3382 palam
728 3303 817 3374 facta,
832 3303 926 3359 Poeni
946 3322 1038 3360 naves

149 3384 235 3457 duas,
249 3402 329 3462 quae
348 3403 418 3443 eum
438 3382 733 3461 comprehenderent,
754 3379 779 3436 si
803 3385 921 3456 possent
941 3395 1038 3433 conse-

236 3463 402 3534 miserunt3
432 3462 513 3521 bona
539 3462 603 3538 ejus
630 3457 842 3534 publicarunt;
870 3452 992 3507 domum
1019 3468 1038 3505 a

147 3484 358 3604 iddbamentis
372 3541 570 3618 disjecerunt;
589 3537 690 3614 ipsum
703 3529 838 3589 exsulem
853 3525 1037 3602 judicarunt.
1052 3520 1084 3577 4(
