2475 3792
346 323 348 328 Ι
433 263 646 310 ooaunarr
676 264 885 312 NEPOTIS..

509 526 553 598 V.
588 526 790 598 CIMON.

543 689 757 729 —oossossoo—

249 811 274 873 I.
296 811 415 884 Cimon,
436 811 586 871 Miltiadis
606 811 695 884 filius,
717 810 920 886 Atheniensis,
941 811 1020 874 duro
1045 813 1098 872 ad·

207 893 331 953 mudum
359 892 445 953 initio
472 912 543 951 usus
571 900 615 951 est
642 891 867 952 adolescentiae.
913 891 997 951 Nam
1025 914 1097 952 cum

207 983 294 1052 pater
308 974 371 1052 ejus
384 973 469 1032 litem
484 973 673 1032 aestimatam
693 971 805 1050 populo
825 972 941 1033 solvere
962 991 1027 1032 non·
1044 994 1097 1052 po·

207 1054 313 1113 tuisset
326 1053 365 1114 ob
380 1073 505 1131 eamque
519 1073 641 1112 causam
655 1052 688 1110 in
702 1051 832 1112 vinculis
845 1052 976 1131 publicis
998 1054 1097 1113 deces-

174 1134 300 1206 5sisset,
314 1133 422 1194 Cimon
443 1133 547 1192 eadem
568 1132 705 1192 custodia
725 1131 892 1206 tenebatur,
907 1153 1005 1211 neque
1023 1133 1096 1212 legi·

207 1213 264 1274 bus
278 1213 510 1274 Atheniensium
525 1213 623 1273 emitti
637 1222 763 1291 poterat,
777 1213 835 1272 nisi
848 1214 1019 1291 pecuniam,
1033 1235 1096 1293 qua

208 1305 295 1373 pater
318 1295 465 1354 multatus
489 1303 562 1367 erat,
583 1293 728 1354 solvisset.
770 1293 915 1352 Habebat
935 1303 1037 1353 autem
1062 1295 1096 1353 in

208 1375 400 1436 matrimonio
421 1395 551 1434 sororem
572 1394 747 1452 germanam
764 1394 858 1445 suam,
873 1375 995 1434 nomine
1009 1375 1096 1454 Elpi-

208 1457 304 1530 nicen,
319 1477 380 1516 non
401 1456 496 1534 magis
517 1475 618 1514 amore
635 1475 726 1533 quarn
745 1475 828 1514 more
841 1455 958 1515 ductus.
1000 1455 1094 1516 Nam·

155 1545 267 1616 loque
287 1537 523 1597 Atheniensibus
547 1536 618 1595 licet
642 1535 746 1594 eodem
768 1546 854 1614 patre
875 1544 962 1596 natus
984 1557 1095 1597 uxores

208 1620 324 1678 ducere.
367 1618 469 1696 Hujus
484 1617 615 1696 conjugii
627 1616 754 1694 cupidus
764 1615 877 1676 Callias
888 1617 1022 1696 quidam,
1033 1639 1095 1677 nou

207 1708 271 1760 tam
278 1701 443 1778 ‘generosus
454 1719 545 1778 quam
556 1698 742 1777 pecuniosus
753 1698 806 1776 qui
816 1719 941 1776 magnas
951 1700 1095 1777 pecunias

208 1802 247 1841 ex
271 1781 402 1858 metallis
425 1781 545 1853 fecerat,
566 1780 629 1858 egit
648 1799 718 1838 cum
739 1778 872 1851 Cimone,
893 1789 928 1840 ut
948 1801 1016 1840 eam
1036 1781 1094 1840 sibi

208 1883 333 1922 uxorem
348 1863 450 1922 daret:
465 1862 496 1921 id
510 1862 535 1920 si
549 1861 746 1940 impetrasset,
756 1881 787 1920 se
801 1882 856 1939 pro
869 1861 923 1921 illo
934 1863 1094 1940 pecuniam

155 1950 193 2011 15
207 1944 386 2004 soluturum.
421 1942 452 2002 Is
466 1963 535 2002 cum
549 1943 643 2002 talem
654 1942 858 2002 condicionem
873 1954 1095 2022 aspernaretur,

208 2025 348 2103 Elpinice
362 2024 485 2103 negavit
499 2043 529 2082 se
543 2043 699 2101 passuram
714 2023 864 2083 Miltiadis
873 2025 1047 2102 progeniem
1064 2025 1095 2083 iu

209 2105 337 2165 vinculis
351 2105 481 2184 publicis
495 2104 627 2176 interire,
641 2104 784 2182 quonia-m
806 2103 965 2182 prohibere
985 2115 1093 2182 posset,

207 2205 296 2264 seque
324 2185 441 2246 Calliae
467 2194 643 2263 nupturam,
667 2184 693 2243 si
720 2204 765 2256 ea,
789 2204 866 2264 quac
890 2185 1094 2262 polliceretur,

207 2267 409 2344 praest'tisset.

154 2352 193 2420 20
248 2347 290 2406 II.
312 2347 380 2423 Tali
401 2345 490 2405 modo
511 2345 647 2405 custodia
667 2345 812 2405 liberatus
830 2345 938 2406 Cimon
957 2346 1096 2407 celeriter

208 2426 247 2486 ad
265 2427 469 2504 principatum
487 2427 634 2504 pervenit.
677 2426 821 2485 Habebat
841 2427 921 2485 enim
942 2427 1015 2486 satis
1036 2428 1095 2487 elo

207 2507 356 2585 quentiae,
377 2525 525 2564 summam
547 2506 770 2578 liberalitatem,
795 2527 936 2584 maguam
964 2509 1095 2586 pruden-

208 2587 283 2646 tiam
304 2607 373 2646 cum
390 2586 468 2663 juris
489 2585 595 2657 civilis,
609 2595 676 2645 tum
697 2587 740 2646 rei
760 2587 909 2659 militaris,
924 2588 1004 2666 quod
1024 2609 1094 2648 cum

207 2676 294 2746 patre
308 2687 326 2726 a
340 2686 433 2744 puero
447 2667 479 2725 in
493 2667 674 2726 exercitibus
688 2667 787 2727 fuerat
800 2678 943 2728 versatus.
985 2667 1095 2747 Itaque

153 2751 194 2814 25
208 2748 258 2807 hic
279 2757 308 2807 et
328 2747 475 2826 populum
496 2747 648 2806 urbanum
666 2748 698 2806 in
714 2768 769 2806 sua
782 2748 881 2806 tenuit
894 2757 1050 2825 potestate,
1064 2758 1094 2809 et

208 2828 291 2907 apud
311 2827 477 2888 exercitum
499 2827 666 2906 plurimum
681 2827 780 2887 valuit
800 2828 1094 2905 auctoritatassPri·

201 2925 293 2968 'mum
314 2909 477 2986 imperator
497 2908 578 2986 apud
600 2907 712 2967 flumen
733 2907 896 2986 Strymona
909 2929 1035 2986 magnas
1049 2930 1095 2969 co

207 2990 273 3069 pias
297 2988 449 3048 Thracum
474 2987 601 3066 fugavit,
624 2989 768 3066 oppidum
790 2987 1001 3066 Amphipolim
1027 3010 1095 3048 con-

207 3069 315 3142 stituit,
329 3089 422 3146 eoque
435 3068 537 3128 decem
552 3069 638 3126 milia
652 3069 882 3126 Atheniensium
898 3069 930 3126 in
944 3068 1094 3128 coloniam

154 3150 194 3211 30
208 3150 298 3210 misit.
340 3149 426 3209 Idem
450 3148 559 3208 iterum
584 3147 666 3225 apud
690 3147 832 3225 Mycalen
857 3147 1039 3226 Cypriorum
1064 3158 1095 3209 et

190 3229 395 3308 *Phoenicum
420 3228 618 3287 ducentarum
642 3227 766 3285 navium
792 3226 915 3285 classem
940 3227 1093 3288 devictam

209 3309 305 3386 cepit;
326 3308 488 3385 eodemque
509 3307 557 3365 die
577 3305 645 3384 pari
665 3304 788 3364 fortuna
805 3307 837 3363 in
854 3316 935 3366 terra
953 3326 1025 3366 usus
1039 3318 1091 3368 est.

209 3387 350 3465 Namque
375 3388 504 3446 hostium
529 3385 659 3444 navibus
683 3385 786 3462 captis,
810 3385 913 3443 statim
937 3406 976 3444 ex
998 3386 1093 3447 classe

210 3465 310 3544 copias
333 3487 401 3525 suas
424 3465 538 3536 eduxit,
561 3464 817 3541 barbarorumque
840 3465 1007 3523 maximam
1028 3466 1091 3525 vim
