2475 3792
467 267 725 316 aessrnaus.
1052 249 1093 317 77

141 421 331 500 gravioribus
352 427 464 504 poenis
484 426 574 500 affici,
589 426 643 505 qui
663 425 840 506 religionem
860 426 1040 500 minuerent,

141 521 230 579 quam
245 505 300 582 qui
313 505 392 566 fana
407 506 584 586 spoliarent

178 582 217 643 V.
240 583 315 644 Post
339 585 403 647 hoc
423 587 574 667 proelium
596 587 742 648 collatum
761 609 850 649 omne
862 587 979 649 bellum
996 595 1041 648 est

140 661 218 722 circa
228 663 433 741 Corinthum,
444 668 573 746 ideoque
583 667 777 728 Corinthium
787 677 831 728 est
842 668 1040 748 appellatum.

139 739 200 823 Hic
214 764 286 804 cum
301 765 369 806 una
392 768 499 828 pugna
520 748 624 808 decem
644 748 730 808 milia
750 747 883 808 hostium
896 747 1040 827 Agesilao
1074 747 1094 808 5

138 820 213 883 duce
240 826 438 901 cecidissent,
467 848 562 906 eoque
589 828 672 889 facto
698 836 768 888 o'es
799 829 1041 889 adversariorum

137 901 319 965 debilitatae
340 909 533 981 viderentur,
554 917 675 968 tantum
696 849 798 968 abfuit
820 908 860 968 ab
881 908 1041 969 insolentia

137 982 260 1060 gloriae,
271 996 310 1047 ut
325 989 559 1048 commiseratus
573 989 613 1049 sit
626 989 781 1049 fortunam
793 986 948 1062 Graeciae,
960 990 1041 1069 quod

137 1069 200 1123 tam
210 1066 307 1127 multi
319 1089 340 1128 a
351 1089 385 1129 se
395 1069 471 1130 vieti
480 1069 558 1129 vitio
571 1068 815 1130 adversariorum
830 1069 1040 1143 concidissent;

137 1161 272 1284 namque
282 1147 344 1209 illa
354 1148 564 1222 multitudine,
575 1148 601 1208 si
614 1169 689 1209 sana
702 1170 787 1210 mens
800 1157 884 1222 esset,
896 1149 1041 1210 Graeciae
1055 1147 1094 1209 10

137 1241 215 1304 supp
229 1227 330 1288 icium
341 1229 452 1290 Persas
461 1230 535 1289 dare
544 1229 685 1308 potuisse.
727 1229 814 1290 Idem
824 1250 892 1289 cum
904 1230 1041 1291 adversa·

139 1303 197 1364 rios
217 1305 306 1369 intra
328 1311 452 1370 moenia
473 1309 676 1388 compulisset,
688 1317 727 1382 et,
741 1318 777 1369 ut
791 1309 971 1369 Corinthum
991 1331 1041 1390 op-

139 1398 304 1464 pugnaret,
319 1390 414 1450 multi
433 1390 638 1463 hortarentur,
651 1389 776 1468 negavit
796 1389 829 1448 id
849 1410 921 1449 suae
934 1389 1041 1452 virtuti

141 1469 323 1542 convenire:
348 1491 379 1530 se
399 1471 479 1530 enirn
500 1490 570 1529 eum
591 1490 654 1530 esse
674 1470 763 1541 dixit,
777 1469 829 1548 qui
850 1469 889 1529 ad
910 1470 1041 1530 officium

142 1557 305 1624 peccantes
321 1551 422 1611 redire
436 1558 563 1628 cogeret,
579 1542 649 1623 noir,
663 1550 717 1629 qui
736 1549 827 1610 urbes
840 1549 1041 1612 nobilissimas
1055 1546 1095 1608 15

142 1640 341 1708 expugnaret
362 1629 517 1691 Graeciae
559 1630 668 1690 “Nam
691 1629 745 1703 si,”
765 1629 798 1689 in
819 1630 875 1704 uit,
895 1634 971 1691 “eos
991 1651 1042 1692 ex-

144 1707 300 1788 stinguere
314 1711 511 1783 voluerimus,
526 1710 579 1789 qui
599 1711 757 1771 nobiscum
777 1651 922 1772 adversus
935 1711 1042 1773 barba·

145 1805 192 1847 ros
212 1798 376 1871 steterunt,
390 1799 508 1850 nosmet
528 1791 586 1869 ipsi
604 1811 660 1852 nos
680 1792 966 1871 expugnaverimus,
980 1793 1042 1854 illis

145 1867 381 1946 quiescentibus
425 1871 495 1947 Quo
515 1859 596 1931 facto
616 1872 681 1932 sine
701 1873 922 1953 negotiqcum
940 1873 1041 1936 volue-

147 1948 216 2022 rint,
230 1971 288 2012 nos
302 1950 504 2032 oppriment.'’
1055 1949 1095 2010 20

185 2029 245 2092 VI.
268 2031 400 2092 Interim
423 2031 533 2092 accidit
555 2031 611 2092 illa
633 2032 790 2094 calamitas
810 2033 895 2114 apud
908 2033 1041 2096 Leuctra

147 2105 418 2172 Lacedaemoniis:
443 2113 502 2190 'quo
522 2132 562 2172 ne
582 2112 828 2192 proficisceretur,
849 2135 919 2174 cum
940 2135 959 2175 a
1001 2115 1041 2174 le·

149 2189 249 2271 risque
271 2194 311 2254 ad
332 2192 507 2252 exeundum
542 2203 715 2264 temeretur,
729 2203 764 2254 ut
776 2194 802 2254 si
816 2194 854 2254 de
866 2195 952 2254 exitu
965 2135 1041 2255 dlvi-

149 2283 245 2348 naret,
260 2274 346 2334 exire
359 2272 467 2333 noluit
527 2273 605 2346 dem,
620 2294 690 2334 eum
710 2273 939 2352 Epaminondas
952 2274 1040 2413 Spar-

150 2358 212 2413 tam
226 2361 430 2434 oppugnaret,
443 2361 577 2432 essetque
590 2353 655 2413 sine
668 2353 763 2414 muris
779 2354 933 2432 oppidum,
947 2363 1040 2415 taem
1054 2350 1095 2411 25

149 2451 179 2492 se
205 2434 423 2514 imperatorem
442 2433 599 2574 lpraebuit,
620 2441 657 2494 ut
683 2453 718 2494 eo
744 2442 879 2512 tempore
902 2435 1040 2495 omnibus
1091 2483 1098 2494 .

151 2516 337 2596 apparuerit,
357 2514 416 2574 nisi
444 2513 496 2574 'le
522 2513 636 2587 firisset,
655 2512 797 2593 Spartam
823 2513 959 2574 futuram
978 2536 1040 2576 non

150 2592 248 2657 fuisse.
290 2594 331 2655 In
345 2615 405 2674 quo
419 2594 541 2674 quidem
561 2593 734 2654 discrimine
748 2593 884 2654 celeritas
897 2595 960 2674 ejus
973 2617 1041 2656 con·

150 2675 209 2736 silii
222 2675 318 2736 saluti
332 2675 393 2735 fuit
405 2675 562 2737 universis.
603 2673 686 2734 Nam
700 2695 769 2734 cum
783 2674 908 2754 quidam
929 2676 1041 2736 adoles

151 2757 273 2830 centuli,
301 2754 436 2816 hostium
462 2755 598 2817 adventu
624 2754 787 2834 perterriti,
813 2755 854 2814 ad
881 2755 1040 2817 Thebanos
1054 2749 1094 2810 30

150 2837 342 2915 transfugere
365 2834 480 2896 vellent
506 2843 537 2896 et
559 2834 661 2895 locum
684 2843 772 2895 extra
793 2834 901 2895 urbem
924 2836 1040 2897 editum

151 2919 307 2997 cepissent,
322 2915 492 2994 Agesilaus,
507 2915 558 2994 qui
579 2915 862 2994 perniciosissimum
883 2916 946 2976 fore
959 2917 1040 2979 vide

151 3008 203 3073 ret,
231 2997 258 3058 si
288 2995 534 3057 animadversum
562 3004 638 3055 esset
664 3016 847 3075 quemquam
874 2997 914 3056 ad
941 2997 1039 3057 hostes

150 3077 342 3155 transfugere
363 3075 474 3151 conari,
495 3095 564 3134 cum
588 3075 650 3134 suis
673 3095 708 3134 eo
729 3077 813 3135 venit
836 3082 935 3154 atque,
956 3086 991 3136 ut
1014 3077 1039 3136 si

150 3158 229 3219 bono
239 3158 345 3218 animo
356 3155 501 3228 fecissent,
512 3154 652 3214 laudavit
665 3155 824 3214 consilium
835 3176 947 3227 eorum,
958 3157 1039 3234 quod
1054 3148 1093 3208 35

151 3259 219 3298 eum
241 3237 345 3296 locum
365 3243 568 3313 occupassent,
583 3244 612 3293 et
626 3254 658 3292 se
670 3234 702 3291 id
717 3254 835 3310 quoque
848 3234 912 3291 fieri
933 3236 1040 3293 dehere

152 3315 410 3378 animadvertisse.
451 3313 502 3374 Sic
515 3311 754 3372 adolescentulos
774 3311 917 3368 simulata
937 3311 1040 3366 lauda·

152 3399 233 3458 tione
243 3393 447 3472 recuperavit,
455 3401 486 3450 et
495 3389 694 3469 adjunctisde
703 3389 765 3445 suis
775 3385 933 3444 comitibus
941 3385 1042 3440 loeum

154 3477 255 3538 tutum
277 3473 409 3552 reliquit.
450 3470 594 3546 Namque
612 3467 670 3537 illi,
683 3472 773 3523 aucto
792 3478 917 3517 numero
930 3476 1043 3524 eorum,
