2475 3792
500 273 618 320 prou.
1017 257 1061 318 45

116 431 167 492 illa
179 430 295 503 navali,
310 450 404 509 quam
418 429 506 509 apud
521 428 655 488 Cnidum
670 429 791 501 fecerat,
805 427 1005 488 constituisset

116 511 287 572 non'solum
301 510 382 570 inter
395 509 553 581 barbaros,
568 507 619 568 sed
637 509 729 568 etiam
743 529 846 568 omnes
860 507 1006 568 Graeciae

116 592 259 664 civitates,
285 590 367 650 clam
391 590 466 649 dare
493 609 618 666 operam
642 589 749 666 coepit,
774 594 810 647 ut
833 587 952 647 Ioniam
976 595 1007 646 et

114 671 254 732 Aeoliam
276 669 448 730 restitueret
468 667 715 728 Atheniensibus,
757 667 796 726 Id
816 688 886 727 cum
906 667 1007 726 minus

115 753 275 831 diligenter
285 758 363 811 esset
372 748 516 820 celatum,
528 747 692 820 Tiribazus,
703 747 755 826 qui
766 747 912 808 Sardibus
922 767 1006 827 prae-
1039 748 1060 807 5

114 841 185 905 erat,
200 830 358 892 Cononem
372 827 522 900 evocavit,
536 826 683 887 simulans
702 827 742 887 ad
763 847 865 906 regem
885 847 955 887 eum
974 847 1006 887 se

113 913 232 973 mittere
254 909 338 972 velle
358 929 473 988 magna
495 907 534 968 de
555 928 596 968 re.
639 906 741 987 Hujus
764 907 873 968 nuntio
897 927 1006 986 parens

114 1013 182 1054 cum
194 991 338 1064 venisset,
352 990 386 1048 in
399 988 528 1051 vincula
541 989 691 1048 con‘ectus
705 997 758 1062 est,
772 987 805 1048 in
822 986 932 1066 quibus
952 987 1007 1047 ali·

114 1072 260 1152 quamdiu
278 1070 347 1131 fuit
389 1068 468 1129 Inde
489 1089 593 1130 nonnu
607 1068 713 1128 licum
727 1069 767 1128 ad
780 1088 882 1147 regem
895 1066 1007 1128 abduc·

113 1163 177 1212 tum
190 1151 295 1230 ibique
309 1150 434 1229 periisse
447 1149 595 1227 scriptum
606 1149 801 1228 reliquerunt.
843 1147 957 1208 Contra
970 1169 1006 1208 ea
1020 1151 1059 1212 10

112 1233 214 1292 Dinon
228 1231 403 1304 historicus,
412 1230 464 1290 cui
474 1249 529 1289 nos
543 1229 710 1308 plurimum
724 1230 762 1290 de
776 1228 904 1289 Persicis
917 1227 1006 1288 rebus

113 1313 271 1384 credimus,
290 1310 434 1389 effugisse
454 1309 590 1388 scripsit;
611 1309 690 1370 illud
711 1308 881 1383 addubitat,
903 1317 1005 1369 utrum

112 1392 249 1453 Tiribazo
263 1390 381 1453 sciente
394 1410 437 1451 au
450 1390 643 1469 imprudente
655 1390 695 1450 sit
708 1389 834 1452 factum.

469 1678 644 1690 —u—u—

446 1900 490 1973 X.
519 1900 680 1974 DION.

457 2065 672 2108 —oomoo—

151 2189 178 2251 Ι.
207 2189 312 2262 D1on,
340 2185 510 2267 Hipparini
544 2187 634 2261 filius,
668 2188 883 2269 Syracusanus,
911 2191 1007 2254 nobili

114 2291 223 2349 genere
243 2278 346 2341 natus,
366 2276 497 2346 utraque
516 2267 690 2346 implicatus
711 2272 873 2349 tyrannide
893 2273 1007 2354 Diony·
1022 2278 1061 2338 15

114 2351 258 2411 siorum.⁴
279 2347 424 2427 Namque
444 2347 497 2408 ille
517 2348 654 2427 superior
666 2349 909 2426 Aristomachen,
929 2375 1008 2414 soro·

116 2451 180 2490 rem
194 2429 315 2502 Dionis,
326 2428 436 2488 habuit
449 2428 482 2487 in
495 2429 698 2502 matrimonio,
707 2451 746 2490 ex
760 2451 822 2510 qua
832 2431 907 2492 duos
920 2434 1006 2508 filios,

117 2509 331 2588 Hipparinum
357 2515 389 2568 et
415 2507 580 2588 Nysaeum,
608 2511 788 2588 procreavit,
822 2512 1008 2593 totidemque

117 2589 205 2662 filias,
220 2589 343 2649 nomine
357 2587 569 2668 Sophrosynen
584 2598 614 2650 et
627 2589 760 2663 Areten;
781 2613 911 2671 quarum
930 2596 1008 2672 prio-

118 2691 183 2730 rem
204 2669 353 2748 Dionysio
374 2668 446 2741 filio,
461 2669 567 2741 eidem,
581 2669 632 2729 cui
645 2691 774 2749 regnum
787 2672 919 2752 reliquit,
932 2695 1008 2755 nup
1021 2675 1062 2739 20

119 2759 184 2810 tum
213 2749 307 2822 dedit,
335 2748 472 2822 alteram,
497 2748 622 2824 Areten,
649 2750 753 2812 Dioni.
794 2751 877 2813 Dion
905 2764 1006 2816 autem

120 2839 241 2908 praeter
260 2827 393 2888 nobilem
414 2829 672 2908 propinquitatem
693 2853 867 2912 generosam
887 2855 1008 2895 uerna

129 2911 135 2922 '
157 2930 227 2969 rum
243 2909 357 2968 famam
374 2908 472 2969 multa
487 2909 550 2970 alia
566 2910 605 2970 ab
624 2920 735 2972 natura
748 2913 857 2974 habuit
912 2936 960 2988 na,
975 2917 1007 2976 in

119 2931 166 3049 iiis
180 2989 337 3068 ingenium
354 2988 460 3062 docile,
474 3011 567 3064 come,
581 3001 688 3070 aptum
709 2994 748 3052 ad
769 3003 849 3054 artes
869 2996 1007 3074 optimas,

119 3090 263 3148 magnam
290 3069 422 3148 corporis
450 3070 639 3150 dignitatem,
663 3093 741 3152 quae
764 3094 825 3134 non
847 3075 1007 3135 minimum
1022 3077 1062 3138 25

120 3148 365 3221 commendatur;
395 3171 519 3229 magnas
541 3160 699 3244 practerea
726 3153 848 3214 divitias
875 3175 894 3214 a
921 3165 1008 3234 patre

120 3230 249 3301 relictas,
262 3249 337 3307 quas
350 3230 414 3308 ipse
428 3239 551 3308 tyranm
564 3233 740 3291 muneribus
754 3243 890 3290 auxerat.
931 3235 1009 3293 Erat

120 3309 246 3370 intimus
261 3308 409 3388 Dionysio
423 3309 527 3387 priori,
541 3311 639 3387 neque
655 3310 756 3367 minus
772 3318 895 3384 propter
912 3329 1010 3365 mores

120 3409 214 3484 quam
235 3389 424 3448 affinitatem.
465 3387 608 3464 Namque
622 3388 677 3444 etsi
691 3385 832 3460 Dionysii
849 3384 1011 3440 erudelitas

120 3489 148 3530 er
161 3467 354 3548 displicebat,
368 3475 472 3527 tamen
485 3465 605 3524 salvum
619 3471 742 3540 propter
755 3458 1012 3523 necessitudinem,
1026 3453 1065 3508 3⁰
