2475 3792
450 271 661 319 CORNELII
690 271 883 319 narona.

221 429 435 502 convenirent
447 428 490 488 ibi
501 428 539 489 de
549 428 673 488 summis
683 426 772 488 rebus
782 427 909 488 consilia
918 438 1107 509 caperentur,

222 510 343 570 credens
364 509 479 570 minore
492 529 523 568 se
536 509 653 569 invidia
666 509 738 581 fore,
752 508 777 567 si
798 509 896 586 specie
916 509 1037 588 imperii
1058 531 1108 569 no

221 590 369 668 minisque
396 589 587 649 simulatione
611 588 783 648 Alexandri
810 588 925 647 bellum
952 589 1108 650 videretur

221 669 439 730 administrare
481 669 573 746 Quod
597 668 729 728 etfacit.
770 668 852 727 Nam
879 689 950 728 cum
976 689 1039 727 non
1069 669 1107 728 ad

187 749 207 810 5
220 750 365 810 Eumenis
385 749 543 828 principia,
558 749 610 808 sed
631 750 669 808 ad
692 749 774 826 regia
790 749 1003 809 conveniretur
1016 759 1107 828 atque

219 830 263 890 ibi
277 830 315 890 de
329 829 417 889 rebus
427 828 654 900 deliberaretur,
665 828 886 907 quodammodo
900 827 1026 902 latebat,
1037 850 1107 889 cum

219 920 321 971 tamen
329 930 389 1048 per
402 930 470 969 eum
484 929 578 968 unum
592 917 768 987 gererentur
780 909 890 968 omnia.

260 989 327 1052 VII
346 1037 353 1050 .
375 988 438 1049 Hic
458 989 490 1048 in
511 989 683 1048 Paraetacis
704 1010 772 1048 eum
786 988 943 1073 Antigono
957 989 1105 1063 conflixit,

219 1090 279 1129 non
302 1070 366 1130 acie
388 1070 542 1142 instructa,
557 1069 608 1128 sed
631 1069 663 1127 in
685 1069 799 1142 itinere,
813 1089 943 1147 eumque
964 1070 1047 1130 male
1061 1092 1107 1131 ac·

136 1162 140 1174 '
166 1149 205 1212 10
219 1159 339 1229 ceptum
353 1150 384 1208 in
400 1150 534 1208 Mediam
548 1150 716 1209 hiematum
730 1149 827 1227 coegit
840 1149 946 1210 redire.
988 1149 1060 1229 Ipse
1073 1152 1105 1211 in

218 1230 347 1291 finitima
357 1230 477 1309 regione
487 1229 617 1289 Persidis
628 1229 794 1289 hiematum
808 1229 909 1308 copias
920 1229 1033 1304 divisit,
1044 1251 1104 1291 non

217 1320 252 1372 ut
262 1310 369 1383 voluit,
379 1310 431 1370 sed
445 1318 480 1369 ut
493 1310 623 1369 militum
636 1309 762 1388 cogebat
771 1309 920 1370 voluntas.
962 1309 1106 1390 Namque

216 1391 272 1452 illa
286 1390 422 1470 phalanx
436 1388 607 1450 Alexandri
622 1389 738 1468 Magni,
752 1410 830 1468 quae
842 1389 950 1449 Asiam
964 1411 1106 1470 peragra-

216 1479 266 1532 rat
281 1471 491 1549 deviceratque
511 1469 626 1544 Persas,
640 1469 808 1530 inveterata
828 1490 897 1529 eum
918 1469 1103 1548 gloriatum

163 1548 203 1610 15
216 1551 308 1613 etiam
329 1551 459 1623 licentia,
473 1571 533 1611 non
554 1569 660 1629 parere
679 1570 711 1610 se
731 1550 867 1623 ducibus,
881 1550 933 1610 sed
953 1549 996 1609 im
1020 1572 1104 1612 erare

215 1631 406 1712 postulabat3
427 1639 462 1691 ut
475 1651 556 1690 nune
571 1630 706 1692 veterani
718 1630 836 1690 faciunt
848 1629 951 1691 nostri.
993 1572 1104 1711 itaque

215 1712 383 1792 perieulum
405 1719 457 1784 est,
471 1731 508 1770 ne
522 1710 645 1783 faciant,
660 1711 740 1788 quod
761 1710 808 1769 illi
828 1710 966 1771 fecerimt
983 1731 1041 1771 sua
1059 1713 1103 1771 in·

214 1792 415 1871 temperantia
442 1791 596 1869 nimiaque
619 1790 750 1863 licentia,
774 1799 810 1850 ut
837 1791 939 1851 omnia
962 1792 1102 1870 perdant,

215 1893 312 1954 neque
325 1872 424 1932 minus
438 1893 496 1944 eos,
510 1891 579 1931 eum
594 1870 704 1949 quibus
723 1870 869 1944 steterint,
883 1891 976 1950 quam
996 1873 1103 1933 adver-

161 1951 202 2013 20
215 1974 264 2012 sus
275 1973 348 2031 quos
357 1952 490 2012 feceriut·
533 1951 625 2027 Quod
639 1950 664 2010 si
678 1951 745 2029 quis
755 1950 878 2010 illorum
887 1960 1101 2013 veteranorum

214 2033 296 2111 legat
310 2032 399 2104 facta,
413 2032 499 2110 paria
518 2031 628 2091 horum
642 2038 802 2109 cognoscat
814 2051 912 2109 neque
925 2051 989 2090 rem
1003 2032 1100 2093 ullam
1213 2070 1214 2119 3

213 2113 271 2172 nisi
286 2122 403 2190 tempus
417 2111 556 2172 interesse
565 2111 691 2190 judicet.
730 2110 790 2170 Sed
812 2111 852 2170 ad
873 2111 942 2170 illos
956 2121 1115 2174 revertar:

213 2193 354 2253 Hiberna
367 2201 556 2270 sumpserant
569 2212 630 2251 non
645 2190 684 2250 ad
697 2210 786 2249 usum
807 2190 890 2263 belli,
903 2190 955 2251 sed
969 2192 1010 2252 ad
1024 2193 1100 2272 ipsc-

214 2293 282 2332 rum
296 2272 460 2344 luxuriam,
473 2270 621 2350 longeque
635 2271 714 2330 inter
732 2291 764 2331 se
784 2271 987 2332 discesserant.
1029 2273 1100 2333 Hoc

160 2352 199 2413 25
213 2353 386 2432 Antigonus
399 2372 469 2411 cum
485 2351 677 2430 comperisset
696 2351 937 2431 intelligeretque
948 2372 981 2412 se
993 2372 1099 2432 parem
1212 2356 1213 2365 ’

211 2453 273 2493 non
287 2452 348 2492 esse
362 2432 475 2510 paratis
488 2431 677 2504 adversariis,
690 2432 797 2491 statuit
816 2432 932 2511 aliquid
953 2432 1011 2492 sibi
1031 2454 1099 2493 con·

211 2512 273 2574 silii
292 2511 361 2574 novi
381 2531 443 2572 esse
456 2512 645 2592 capiendum.
686 2511 777 2571 Duae
789 2520 876 2571 erant
887 2513 964 2586 viae,
978 2533 1041 2591 qua
1059 2534 1099 2574 ex

210 2593 319 2666 Medis,
334 2592 386 2651 ubi
400 2592 453 2652 ille
466 2592 628 2664 hiemabat,
642 2590 682 2651 ad
702 2592 944 2653 adversariorum
959 2593 1099 2654 hiberna·
1211 2640 1212 2655 t

212 2673 281 2734 cula
308 2681 406 2752 posset
432 2672 591 2752 perveniri.
634 2672 774 2748 Quarum
803 2672 924 2732 brevior
949 2693 1004 2752 per
1031 2675 1098 2736 loca

158 2753 197 2814 30
212 2755 337 2826 deserta,
349 2772 426 2831 quae
439 2772 527 2812 nemo
542 2751 693 2812 incolebat
706 2760 830 2831 propter
842 2773 940 2832 aquae
953 2753 1097 2834 inopiam,

211 2843 342 2894 ceterum
366 2833 484 2892 dierum
507 2841 573 2892 erat
594 2833 656 2893 fere
679 2833 799 2905 decem;
826 2832 882 2893 illa
904 2843 1016 2907 autem,
1037 2856 1098 2915 qua

210 2934 312 2973 omnes
326 2913 544 2986 commeabant,
558 2913 654 2973 altero
674 2921 761 2974 tanto
780 2913 944 2992 longiorem
964 2915 1097 2976 habebat
1210 2918 1211 2939 ;

210 2993 390 3065 anfractum,
401 2993 454 3052 sed
468 3002 533 3053 erat
546 2994 667 3072 copiosa
679 2993 875 3074 omniumque
887 3015 989 3054 rerum
1003 2996 1097 3056 abun·

210 3074 293 3134 dans.
335 3073 406 3133 Hae
425 3073 450 3133 si
471 3072 718 3152 proficisceretur,
731 3073 921 3152 intelligebat
941 3075 1026 3154 prius
1046 3077 1097 3136 ad·
1210 3078 1211 3101 ¹

156 3153 195 3213 35
209 3153 355 3215 versarios
366 3153 523 3212 rescituros
533 3154 570 3213 de
580 3174 635 3213 suo
645 3154 787 3227 adventu,
799 3175 891 3233 quam
901 3155 964 3234 ipse
974 3157 1096 3217 tertiam

209 3242 327 3312 partem
351 3232 524 3292 confecisset
548 3233 681 3305 itineris3
704 3234 751 3293 sin
771 3254 827 3313 per
849 3235 916 3295 loca
938 3236 1004 3298 sola
1029 3257 1097 3297 eon·

208 3313 352 3386 tenderet,
365 3313 507 3392 sperabat
525 3331 557 3372 se
577 3313 799 3392 imprudentem
812 3314 928 3375 hostem
941 3337 1097 3396 oppressu-

208 3413 285 3452 rum.
326 3392 379 3452 Ad
400 3393 478 3454 hano
498 3411 562 3452 rem
583 3393 800 3453 conficiendam
821 3394 983 3474 imperavit
1003 3417 1096 3476 quam

207 3471 354 3552 plurimos
373 3481 455 3534 utres
474 3481 566 3554 atque
586 3473 678 3534 etiam
694 3473 807 3535 culleos
820 3476 1007 3557 comparari;
1027 3487 1097 3559 post
