2475 3792
153 277 197 345 54
430 287 643 342 curasan
674 289 866 338 aeroma.

115 438 124 455 ⁰
204 460 318 514 certam
336 447 486 512 Chabriae
505 448 750 530 praestituerunt,
764 467 856 528 quam
877 456 948 508 ante
968 444 1093 510 domum

204 533 263 593 nisi
283 531 415 604 redisset,
429 531 537 610 capitis
555 552 587 591 se
607 529 698 589 illum
718 530 914 589 damnaturos
934 527 1095 588 denuntia·

205 621 285 674 runt
327 611 396 672 Hoc
410 611 463 671 ille
476 611 584 671 nuntio
594 610 733 670 Athenas
747 610 846 682 rediit,
859 629 957 688 neque
971 606 1015 668 ibi
1029 608 1094 667 diu·

205 693 266 753 tius
276 701 320 752 est
330 699 472 764 moratus,
483 707 576 770 qnam
586 690 647 750 ruit
656 707 782 750 necesse
824 688 895 748 Non
906 688 989 748 enim
1001 686 1094 760 liben-

172 772 192 835 5
205 780 329 834 tereret
342 781 412 832 ante
426 771 528 831 oculos
541 790 665 830 suorum
679 770 809 841 civium3
830 768 911 848 quod
925 778 956 827 et
968 767 1095 829 vivebat

206 853 289 914 laute
302 860 332 912 et
345 849 524 930 indulgebat
537 850 595 910 sibi
609 849 774 921 liberalius,
788 869 880 927 quam
895 857 931 908 ut
944 848 1094 909 invidiam

205 933 291 1012 vulgi
302 941 399 1012 posset
409 931 546 1010 effugere.
587 927 735 990 Rstenim
746 929 804 989 hoc
814 947 973 988 commune
983 929 1095 988 vitium

205 1013 238 1073 in
258 1011 375 1091 magnis
399 1010 560 1090 liberisque
583 1008 768 1082 civitatibus,
787 1017 822 1068 ut
842 1007 959 1069 invidia
979 1009 1095 1086 gloriae

207 1113 304 1153 comes
322 1092 362 1151 sit
382 1100 412 1151 et
432 1090 562 1151 libenter
575 1091 613 1151 de
627 1090 675 1150 his
688 1089 860 1160 detrahant,
874 1108 949 1167 quos
963 1089 1096 1148 eminere

153 1172 193 1235 10
205 1173 330 1235 videant
343 1171 450 1243 altius;
464 1190 561 1250 neque
575 1171 787 1248 animoseque
822 1188 948 1246 auperes
961 1168 1094 1228 alienam

205 1252 394 1332 opulentium
415 1252 577 1310 intuuntur
596 1250 760 1310 fortunam.
800 1189 912 1328 ltaque
934 1247 1094 1320 Chabrias,

206 1353 266 1412 quo
280 1333 308 1392 ei
322 1330 441 1403 licebat,
455 1330 623 1409 plurimum
643 1329 758 1390 aberat.
798 1327 906 1407 Neque
919 1349 993 1388 vero
1014 1329 1094 1388 solus

205 1413 259 1473 ille
272 1411 377 1472 aberat
390 1410 520 1471 Athenis
533 1410 671 1484 libenter,
684 1410 738 1470 sed
751 1429 854 1469 ornnes
866 1408 928 1469 fere
942 1409 1094 1488 principes

206 1493 341 1553 fecerunt
360 1491 457 1552 idem:
479 1489 560 1570 quod
578 1499 700 1550 tantum
712 1511 744 1550 se
757 1489 797 1550 ab
811 1489 929 1550 invidia
942 1489 1095 1568 putabant

153 1573 192 1635 15
206 1573 350 1645 afuturus,
364 1579 512 1650 quantum
533 1591 552 1630 a
571 1579 734 1649 conspectu
752 1590 877 1631 snorum
897 1569 1093 1629 recessissent

174 1689 178 1694 -
206 1653 314 1732 Itaque
334 1651 438 1712 Conon
460 1650 626 1730 plurimum
646 1650 693 1791 (C
761 1650 851 1723 vixit,
870 1648 1041 1728 iphicrates
1061 1649 1093 1707 in

205 1732 344 1806 Thracia,
355 1731 529 1791 Timotheus
544 1730 651 1803 Lesbo,
789 1730 887 1809 Sigeo.
928 1728 1094 1789 Dissimilis

204 1812 327 1894 quidem
337 1811 450 1872 Chares
461 1811 569 1871 horum
580 1820 610 1870 et
619 1810 708 1872 factis
722 1820 753 1872 et
763 1810 913 1883 moribus3
927 1810 980 1870 sed
990 1819 1094 1870 tamen

204 1893 335 1954 Athenis
349 1900 379 1952 et
392 1891 555 1952 honoratus
569 1899 599 1951 et
612 1901 726 1970 potens.

151 1976 192 2038 20
246 1973 304 2036 IV.
325 1971 472 2033 Chabrias
486 1980 588 2032 autem
602 1972 693 2050 periit
706 1970 788 2032 bello
803 1968 909 2032 sociali
922 1969 980 2031 tali
992 1970 1093 2032 modo.

204 2054 233 2114 Ο
256 2051 434 2132 pugnabant
456 2051 656 2112 Athenienses
679 2051 800 2112 Chium.
841 2051 919 2112 Erat
941 2051 976 2111 in
999 2051 1094 2112 classe

204 2075 352 2194 Chabrias
379 2132 524 2211 privatus,
552 2132 604 2192 sed
631 2152 743 2204 omnes,
771 2130 825 2211 qui
851 2132 885 2191 in
909 2130 1093 2212 magistratu

204 2221 300 2287 erant,
320 2213 499 2273 auctoritate
526 2210 671 2284 anteibat,
691 2232 821 2291 eumque
847 2213 944 2291 magis
970 2213 1092 2287 milites,

204 2314 297 2374 quam
315 2293 367 2372 qui
386 2299 554 2372 praeerant,
568 2290 763 2371 aspiciebant
805 2292 894 2368 Quae
914 2313 962 2353 res
982 2293 1011 2353 ei
1031 2313 1093 2353 ma·

150 2374 320 2436 tornavit
337 2382 473 2433 mortem.
514 2371 596 2432 Nam
617 2372 692 2432 dum
711 2373 828 2451 primus
847 2373 950 2433 studet
968 2382 1092 2453 portum

203 2455 317 2514 intrare
339 2452 631 2532 gubernatoremque
649 2451 739 2532 jubet
761 2473 797 2512 eo
817 2453 948 2533 dirigere
971 2474 1091 2528 navem,

203 2535 267 2614 ipse
287 2533 345 2594 sibi
363 2532 509 2613 perniciei
531 2531 599 2592 fuit
641 2533 720 2592 Cum
740 2533 821 2594 enim
841 2553 877 2594 eo
897 2542 1091 2612 penetrasset,

203 2624 320 2675 ceterae
343 2633 404 2674 non
431 2622 502 2673 sunt
529 2620 657 2673 secutae.
699 2612 770 2688 Quo
790 2613 870 2674 iacto
891 2614 1092 2674 circumfusus

203 2695 335 2755 hostium
363 2707 509 2754 concursu
533 2713 603 2753 cum
627 2692 788 2752 fortissime
811 2702 970 2773 pugnaret,
992 2695 1091 2768 navis,

150 2775 189 2837 30
203 2784 299 2836 rostro
319 2793 467 2853 percussa,
488 2773 587 2852 coepit
606 2773 712 2834 sidere.
753 2772 839 2833 Hinc
862 2773 999 2852 refugere
1020 2795 1091 2836 cum

202 2863 309 2935 posset,
323 2855 348 2914 si
369 2874 400 2914 se
419 2854 452 2913 in
473 2873 557 2913 mare
577 2852 740 2932 dejecisset,
753 2852 836 2934 quod
851 2853 974 2914 suberat
987 2854 1091 2916 classis

202 2935 444 3007 Atheniensium,
463 2954 541 3013 quae
561 2933 715 3013 exciperet
733 2942 890 2994 natantes:
910 2934 1009 3013 perire
1029 2956 1091 2995 ma·

202 3015 263 3075 luit
281 3035 374 3094 quarn
394 3015 486 3074 armis
507 3012 632 3093 abjectis
651 3034 761 3073 navem
782 3013 961 3093 relinquere,
977 3014 1011 3073 in
1029 3036 1091 3095 qua

202 3095 301 3153 iuerat
315 3102 426 3153 vectus.
455 3093 506 3152 ·Id
520 3094 611 3154 ceteri
624 3093 723 3152 facere
735 3093 907 3166 noluerunt,
921 3094 974 3172 qui
988 3095 1091 3155 nando

149 3171 187 3230 35
202 3173 234 3230 in
254 3181 355 3230 tutum
376 3180 586 3249 pervenerunt.
628 3171 674 3231 At
687 3172 749 3245 ille,
763 3181 916 3251 praestare
932 3173 1091 3234 honestam

201 3258 329 3307 mortem
350 3250 525 3309 existimans
546 3251 629 3328 turpi
650 3251 741 3320 vitae,
762 3253 930 3312 comminus
948 3271 1091 3332 pugnans

202 3326 269 3386 telis
283 3327 415 3408 hostium
429 3327 603 3387 interfectus
617 3337 670 3390 est.

694 1649 742 1730 pri

682 1732 777 1790 hares
