2475 3792
393 268 724 316 nrauraounas
1012 251 1056 316 69

107 424 187 499 fecit,
200 423 255 486 sed
268 424 401 504 saepius.
444 424 580 486 Maxime
600 434 703 486 autem
717 425 778 485 fuit
790 424 918 498 illustre,
931 444 1001 486 cum

109 505 141 564 in
154 505 404 584 Peloponnesum
418 506 583 566 exercitum
598 505 734 566 duxisset
752 505 896 566 adversus
909 505 1002 566 Lace-

109 585 283 646 daemonios
305 586 421 646 habere
455 606 492 646 ue
512 586 643 664 collegas
663 586 747 659 duos,
769 606 897 665 quorum
923 585 1003 646 alter
1054 637 1058 643 .

109 674 174 725 erat
188 664 364 744 Pelopidas,
378 595 526 728 viilortis
546 685 583 726 ac
603 675 751 726 strenuus.
793 664 839 724 Hi
858 686 928 726 cum
946 665 1002 726 cri·

109 744 244 805 minibus
255 746 502 806 adversariorum
516 766 619 806 omnes
632 745 666 804 in
679 746 828 807 invidiam
841 745 1002 818 venissent,
1035 745 1056 805 5

110 825 149 885 ob
162 845 291 904 eamque
305 845 370 886 rem
384 826 544 905 imperium
557 826 605 886 his
618 834 695 886 esset
707 825 897 904 abrogatum,
910 836 1002 904 atque

109 905 143 964 in
156 925 263 965 eorum
282 905 384 965 locum
404 907 458 966 alii
479 915 631 986 praetores
651 906 865 980 successissent,
878 905 1002 984 Epami·

110 985 228 1045 nondas
242 986 350 1064 populi
364 986 438 1046 scito
451 1007 512 1047 non
526 986 639 1066 paruit,
653 986 793 1065 idemque
813 994 848 1045 ut
867 986 1002 1046 facerent

110 1065 261 1204 ppmuasit
275 1065 407 1144 collegis,
421 1075 452 1127 et
468 1066 593 1140 bellum,
606 1066 689 1146 quod
708 1075 888 1146 susceperat,
901 1066 1000 1146 gessit

143 1166 255 1224 amque
269 1145 540 1220 animadvertebat,
550 1145 609 1206 nisi
623 1146 656 1207 id
670 1146 795 1220 fecisset,
805 1155 904 1206 tetum
918 1167 1001 1206 exer·
1015 1146 1055 1207 10

111 1225 207 1285 citum
218 1233 343 1305 propter
351 1235 526 1305 praetorum
540 1227 583 1285 im
606 1226 778 1286 rudentium
791 1227 1001 1306 inscitiamque

110 1305 185 1366 belli
199 1306 378 1384 periturum.
420 1305 488 1366 Iex
500 1315 566 1366 erat
579 1247 700 1380 lhebis,
714 1327 792 1386 quae
810 1316 907 1367 morte
924 1307 1002 1366 mul·

110 1386 207 1459 tabat,
217 1386 244 1446 si
259 1386 327 1466 quis
340 1386 501 1466 imperium
512 1387 629 1446 diutius
641 1387 821 1460 retinuisset,
831 1408 923 1467 quam
934 1386 1001 1466 lege

109 1465 307 1546 praefinitum
334 1466 419 1528 foret
474 1467 568 1528 Hanc
601 1467 831 1546 Epaminondas
859 1488 929 1528 cum
956 1467 1000 1527 rei

109 1546 254 1625 publicae
275 1547 497 1609 conservandae
518 1567 609 1608 causa
629 1548 725 1607 latam
738 1547 863 1621 videret,
880 1548 920 1608 ad
936 1568 1001 1627 per-
1015 1547 1054 1607 15
1161 1621 1170 1635 α

109 1627 222 1686 niciem
243 1627 375 1689 civitatis
395 1628 530 1688 conferre
550 1627 667 1700 noluit;
686 1636 878 1707 etquattuor
894 1628 1001 1688 mensi·

109 1705 168 1767 bus
182 1707 298 1767 diutius
311 1728 403 1787 quam
418 1708 549 1787 populus
557 1709 690 1788 jusserat
702 1708 793 1788 gessit
806 1708 976 1786 imperium.

150 1786 247 1848 VIII.
262 1786 427 1867 Postquam
440 1788 565 1848 domum
578 1789 777 1861 reditumest,
791 1788 924 1868 collegae
938 1789 1001 1868 ejus

109 1866 169 1927 hoc
183 1867 309 1932 crimine
323 1868 552 1930 accusabantur.
594 1869 716 1946 Quibus
735 1868 789 1929 ille
806 1869 951 1948 permisit,
966 1878 1002 1929 ut

110 1968 233 2008 omnem
251 1968 374 2008 causam
388 1949 421 2007 in
435 1969 465 2010 se
479 1948 678 2010 transferrent
697 1969 811 2028 suaque
830 1969 922 2028 opera
942 1949 1001 2009 fac-
1014 1949 1055 2010 20

110 2036 179 2088 tum
198 2029 421 2102 contenderent,
435 2038 470 2089 ut
491 2029 552 2109 legi
571 2050 633 2090 uon
654 2028 818 2090 obedirent
861 2029 933 2106 Qua
953 2029 1001 2089 de·

110 2108 245 2170 tensione
259 2109 323 2173 illis
337 2109 473 2188 periculo
486 2109 632 2183 liberatis,
644 2129 734 2170 nemo
754 2109 1001 2188 Epaminondam

109 2208 325 2268 responsurum
338 2189 476 2268 putabat,
492 2190 581 2269 quod,
597 2190 672 2270 quid
691 2190 813 2263 diceret,
829 2210 891 2250 nou
911 2189 1002 2250 habe-

109 2278 166 2330 ret
208 2268 254 2329 At
266 2269 320 2329 ille
333 2271 366 2328 in
375 2270 527 2349 judicium
542 2271 644 2342 venit3
658 2269 737 2328 nihil
751 2290 855 2330 eorum
868 2270 1001 2348 negavit,

111 2370 190 2429 quae
207 2350 374 2412 adversarii
389 2350 509 2410 crimini
522 2350 647 2424 dabant,
661 2350 831 2429 omniaque,
846 2370 924 2428 quae
943 2350 1002 2411 col·
1015 2349 1055 2410 25

111 2430 197 2510 legae
221 2430 373 2503 dinerant,
397 2430 546 2491 confessus
570 2440 625 2504 est,
646 2450 745 2508 neque
768 2430 919 2492 recusavit
941 2452 1002 2510 quo

111 2511 213 2570 minus
226 2510 301 2590 legis
314 2531 443 2590 poenam
457 2510 588 2584 subiret;
602 2511 656 2571 sed
669 2530 766 2570 unum
780 2510 819 2570 ab
833 2511 870 2571 iis
883 2511 1001 2589 petivit,

111 2600 147 2650 ut
170 2591 204 2649 in
226 2591 440 2670 periculosae
464 2590 679 2652 inscriberent:
704 2591 959 2669 “Epaminondas
982 2612 1003 2651 a

111 2669 264 2731 Thebanis
280 2680 377 2732 morte
393 2672 540 2732 multatus
562 2680 615 2745 est,
629 2670 712 2752 quod
732 2691 781 2731 eos
802 2672 899 2750 coegit
918 2671 1001 2750 apud

112 2749 245 2812 Leuctra
266 2772 410 2831 superare
431 2751 696 2825 Lacedaemonios,
711 2771 786 2830 quos
807 2761 878 2812 ante
898 2771 929 2811 se
949 2752 1002 2810 im·
1016 2750 1056 2809 30

111 2840 280 2910 peratorem
298 2852 387 2892 nemo
407 2831 602 2893 Boeotiorum
625 2853 716 2892 ausus
736 2831 796 2892 fuit
817 2832 950 2911 aspicere
969 2831 1003 2890 in

112 2912 193 2984 acie;
215 2913 356 2992 quodque
370 2933 431 2972 uno
445 2913 560 2991 proelio
574 2933 637 2972 non
650 2913 748 2973 solum
763 2911 883 2973 Thebas
901 2911 941 2972 ab
959 2911 1003 2970 in·

111 2992 203 3052 teritu
227 2991 366 3065 retraxit,
391 2992 443 3052 sed
471 2993 563 3052 etiam
588 2993 761 3055 universam
786 2991 947 3053 Graeciam
970 2992 1003 3050 in

111 3072 283 3132 libertatem
293 3072 475 3145 vindicavit,
482 3093 576 3151 eoque
586 3094 633 3132 res
644 3083 841 3152 utrorumque
850 3072 1002 3151 perduxit,

111 3161 146 3212 ut
173 3151 310 3213 Thebani
346 3151 489 3231 Spartam
522 3161 743 3231 oppugnarent,
770 3151 1003 3212 Lacedaemonii
1017 3150 1055 3209 35

110 3233 183 3293 satis
196 3233 354 3305 habereut,
368 3233 394 3292 si
408 3232 486 3293 salvi
501 3253 563 3292 esse
576 3240 714 3310 possent;
734 3251 832 3309 neque
845 3231 929 3307 prius
943 3229 1004 3288 bel-

110 3311 174 3372 lare
188 3313 314 3384 destitit,
330 3332 432 3390 quam,
446 3310 583 3370 Messene
603 3310 752 3380 restituta,
773 3309 880 3367 urbem
900 3326 1004 3394 eorum

110 3392 266 3452 obsidione
279 3390 419 3452 clausit''
461 3390 550 3449 Haec
559 3408 629 3449 cum
640 3386 773 3456 dixisset,
782 3386 859 3442 risus
870 3401 1005 3470 ommam

111 3492 182 3532 cum
201 3471 362 3532 hilaritate
382 3478 502 3529 coortus
522 3476 586 3539 est;
609 3482 708 3540 neque
730 3463 889 3539 quisquam
908 3457 1007 3533 Judex
