2475 3792
164 232 207 296 44
257 301 261 314 ¹
444 249 657 296 oonnnnn
687 249 880 298 nonoris.

216 405 297 484 regi;
317 405 369 466 sed
386 425 500 479 vereor,
520 426 559 466 ne
579 406 698 467 civitati
719 412 804 467 meae
823 406 863 468 sit
883 407 1055 487 opprobrio,
1070 409 1108 483 si,

216 504 286 545 cum
299 505 338 545 ex
352 506 388 546 ea
401 486 458 546 sim
472 487 633 565 profectus,
648 507 726 565 quae
739 486 844 547 ceteris
856 488 998 566 gentibus
1011 489 1108 568 impe-

215 585 283 625 rare
293 567 490 639 consueverit,
501 567 601 645 potius
611 565 812 636 barbarorum
823 588 915 646 quam
925 567 1010 628 illius
1019 590 1107 629 more

180 643 353 786 5dfrirpirgarss'
394 644 511 725 Itaque,
539 668 617 726 quae
645 647 718 707 huic
742 646 875 720 volebat,
901 650 1016 727 scripta
1040 656 1107 709 tra

269 727 300 786 it.
992 731 995 736 ’

169 834 174 842 ·
254 805 312 868 IV.
334 805 454 884 Quibus
468 807 604 886 cognitis,
618 827 674 867 rex
693 815 815 868 tantum
834 807 1016 869 auctoritate
1036 810 1104 888 ejus

213 897 312 946 motus
326 897 379 960 est,
393 897 428 948 ut
442 896 472 949 et
485 887 717 966 Tissaphernem
734 887 851 947 hostem
865 888 1052 968 judicaverit
1072 899 1104 950 et

213 965 467 1028 Lacedaemonios
487 966 568 1028 bello
588 968 727 1046 persequi
738 968 862 1047 jusserit
875 977 906 1028 et
919 969 947 1028 ei
961 969 1104 1047 permise-

214 1045 262 1121 rit,
277 1068 366 1126 quem
378 1047 482 1120 vellet,
496 1047 607 1127 eligere
625 1047 665 1107 ad
681 1047 915 1127 dispensandam
928 1049 1101 1127 pecuniam

159 1125 199 1188 10
213 1125 251 1186 Id
275 1127 435 1188 arbitrium
460 1127 565 1188 Conon
588 1127 715 1206 negavit
739 1127 787 1187 sui
810 1148 873 1188 esse
896 1127 1022 1201 consilii,
1045 1129 1102 1189 sed

213 1207 315 1286 ipsius,
346 1208 380 1268 ui
392 1209 505 1286 optime
518 1227 587 1268 suos
599 1227 687 1268 nosse
698 1207 838 1280 deberet;
852 1207 904 1268 sed
917 1228 948 1268 se
961 1209 1099 1283 suadere,

213 1286 337 1348 Pharna
359 1309 411 1348 azo
425 1287 458 1348 id
470 1287 583 1368 negotii
597 1287 693 1349 daret.
734 1286 819 1348 Hinc
832 1287 950 1367 magnis
968 1290 1101 1349 muneri-

212 1366 269 1428 bus
283 1368 411 1429 donatus
424 1368 465 1429 ad
478 1377 620 1428 moreest
633 1368 749 1440 missus,
763 1377 799 1428 ut
816 1367 936 1447 (ppriis
955 1377 986 1428 et
1002 1367 1101 1430 Phoe-

210 1447 329 1508 nicibus
342 1448 506 1527 ceterisque
519 1448 681 1508 maritimis
693 1447 869 1509 civitatibus
884 1468 978 1510 naves
990 1448 1099 1528 longas

158 1528 198 1590 15
212 1527 383 1607 imperaret,
407 1528 599 1608 classemque,
625 1548 687 1608 qua
709 1530 851 1609 proxima
877 1538 999 1591 aestate
1013 1549 1099 1590 mare

210 1609 290 1669 tueri
303 1617 410 1688 posset,
423 1618 626 1688 compararet:
647 1609 719 1668 dato
738 1609 876 1688 adjutore
889 1608 1098 1684 Pharnabazo,

210 1689 289 1750 sicut
309 1689 372 1769 ipse
385 1689 532 1750 voluerat.
574 1687 613 1750 Id
633 1698 669 1749 ut
689 1688 937 1750 Lacedaemoniis
957 1699 1002 1750 est
1022 1710 1099 1751 nun·

210 1770 330 1844 tiatum,
356 1790 418 1830 non
445 1770 509 1830 sine
536 1790 610 1830 cura
637 1790 702 1829 rem
729 1769 989 1844 administramnt,
1015 1770 1098 1850 quod

210 1851 308 1930 majus
322 1849 438 1911 bellum
450 1849 609 1910 imminere
628 1847 867 1924 arbitrabantur,
881 1849 1013 1930 quamsi
1027 1871 1098 1911 cnm

156 1933 197 1994 20
210 1930 340 1992 barbaro
353 1931 452 1990 solum
466 1931 688 1991 contenderent
730 1929 812 1990 Nam
823 1930 931 1990 ducem
945 1931 1053 1990 fortem
1067 1938 1098 1992 et

210 2012 390 2091 prudentem
404 2011 482 2090 regis
496 2010 603 2090 opibus
616 2009 830 2090 praefuturum
843 2031 880 2071 ac
893 2031 996 2070 secum
1009 2011 1099 2071 dimi·

210 2101 350 2152 caturum
363 2091 517 2165 videbant,
552 2112 623 2151 uem
635 2111 735 2170 neque
747 2091 873 2163 consilio
888 2111 987 2169 neque
1003 2091 1098 2170 copiis

208 2193 350 2252 superare
368 2181 497 2252 possent.
574 2191 610 2232 ac
630 2180 730 2231 mente
749 2191 893 2250 magnam
912 2168 1098 2233 contrahunt

209 2253 351 2326 classem;
372 2252 603 2332 proficiscuntur
615 2251 765 2312 Pisandro
778 2251 864 2312 duce.
904 2250 972 2311 Hos
991 2252 1098 2313 Conon

155 2333 195 2396 25
209 2334 291 2413 apud
309 2333 441 2394 Cnidum
461 2333 585 2393 adortus
605 2353 716 2412 magno
734 2331 848 2412 proelio
867 2330 963 2410 fugat,
982 2332 1097 2393 multas

208 2434 301 2474 naves
319 2414 410 2492 capit,
424 2414 593 2493 complures
614 2412 765 2491 deprimit.
807 2412 880 2488 Qua
892 2412 1020 2474 victoria
1034 2433 1097 2473 non

208 2494 305 2554 solum
319 2493 469 2567 Athenae,
483 2493 535 2554 sed
552 2493 645 2553 etiam
662 2501 773 2553 cuncta
789 2490 927 2566 Graecia,
941 2513 1020 2571 quae
1038 2492 1095 2554 sub

207 2573 517 2635 Lacedaemoniorum
530 2573 632 2634 fuerat
644 2573 781 2652 imperi0,
794 2572 925 2633 liberata
944 2581 997 2633 est.
1039 2572 1096 2634 Co-

207 2675 268 2715 non
283 2676 353 2714 curn
367 2663 453 2734 parte
466 2653 592 2714 navium
606 2653 639 2713 in
652 2653 785 2732 patriam
795 2653 888 2726 venit,
899 2673 1000 2712 muros
1014 2653 1097 2714 diru-

154 2733 195 2796 30
208 2744 254 2795 tos
271 2755 290 2796 a
306 2735 475 2814 Lysandro,
497 2743 640 2813 utrosque
662 2741 692 2793 et
716 2733 818 2792 Piraei
839 2742 871 2793 et
891 2733 1095 2807 Athenarum,

208 2815 382 2876 reficiendos
402 2823 498 2888 curat,
512 2814 717 2894 pecuniaeque
733 2813 955 2906 quinquaginta
969 2813 1095 2888 talenta,

208 2916 285 2975 qnae
300 2916 319 2955 a
333 2894 530 2955 Pharnabazo
544 2902 711 2973 acceperat,
725 2893 842 2954 crvibus
855 2894 917 2953 suis
930 2894 1032 2954 donat

249 2975 289 3037 V.
310 2974 433 3035 Accidit
447 2975 527 3048 huic,
536 2975 617 3054 quod
631 2974 736 3035 ceteris
749 2973 936 3046 mortalibus,
945 2982 980 3033 ut
993 2973 1096 3034 incon-

208 3053 365 3116 sider'atior
379 3056 412 3114 in
425 3055 557 3115 secunda
571 3075 662 3134 quam
679 3054 712 3113 in
727 3054 856 3114 adversa
870 3062 945 3113 esset
961 3053 1095 3114 fortuna.

154 3135 194 3195 35
208 3135 290 3194 Nam
304 3135 397 3194 classe
411 3133 699 3213 Peloponnesiorum
716 3132 844 3206 devicta,
859 3153 929 3192 cum
946 3133 1046 3192 ultum
1064 3154 1095 3193 se

208 3214 334 3292 injurias
348 3214 464 3292 patriae
481 3222 611 3292 putaret,
625 3213 716 3292 plura
734 3213 909 3292 concupivit
925 3232 1018 3291 quam
1034 3213 1096 3273 effi·

209 3313 276 3353 cere
293 3293 400 3370 potuit
442 3292 549 3370 Neque
564 3301 667 3351 tamen
689 3312 724 3352 ea
744 3312 805 3352 non
821 3292 874 3371 pia
889 3301 921 3352 et
936 3291 1096 3371 probanda

209 3371 342 3445 fuerunt,
376 3371 436 3430 uod
449 3373 550 3450 potius
562 3371 681 3448 patriae
696 3391 767 3453 opes
787 3371 891 3449 angeri
905 3391 997 3451 quam
1016 3358 1097 3450 regis

209 3450 327 3512 maluit.
400 3471 450 3510 am
460 3471 530 3511 oum
537 3471 681 3529 magnam
694 3451 906 3511 auctoritatem
919 3450 977 3511 sibi
989 3471 1098 3531 pugna
