2475 3792
508 229 762 283 naaman.
1090 217 1132 284 99

167 385 279 451 eadem
293 399 407 453 mente
419 391 477 452 sim
490 390 624 451 futurus.
667 389 780 467 Quare,
793 389 819 452 si
834 387 908 472 quid
928 408 979 450 am
991 409 1025 452 ee
1038 389 1076 452 de

166 468 323 530 Romanis
350 471 512 551 cogitabis,
532 491 594 531 non
620 471 828 550 imprudenter
848 471 961 544 feceris,
981 471 1005 532 si
1027 493 1075 532 me

163 551 296 624 celaris;
319 573 398 611 cum
413 552 537 630 quidem
558 551 675 610 bellum
696 551 826 628 parabis,
841 560 871 612 te
887 551 986 644 ipsum
999 551 1075 613 frus·

162 629 309 702 traheris,
325 632 355 691 si
374 652 437 692 non
451 650 500 690 me
513 631 546 690 in
560 651 596 690 eo
610 630 778 709 principem
793 630 952 710 posueris.”

203 708 268 770 HI.
293 711 375 771 Hae
387 713 492 791 igitur,
506 732 568 789 qua
582 710 725 783 diximus,
739 720 837 771 aetate
851 731 920 771 cum
956 719 1020 772 atre
1042 712 1073 772 in
1108 715 1127 774 5

161 787 364 868 Hispaniam
379 791 532 870 profectus
543 799 601 862 est;
617 791 703 870 cujus
717 799 785 869 post
798 790 923 864 obitum,
970 792 1074 852 asdru-

161 867 233 930 bale
262 871 458 950 imperatore
484 871 618 943 suffecto,
647 870 794 950 equitatui
821 871 903 931 omni
931 871 1071 950 praefuit.

160 948 235 1010 Hoc
246 972 379 1030 quoque
392 951 563 1024 interfecto,
571 951 722 1011 exercitus
735 971 885 1010 summam
899 951 1017 1030 imperii
1031 951 1072 1012 ad

160 1049 234 1089 eum
249 1032 381 1092 detulit
423 1031 462 1090 Id
476 1030 693 1110 Carthaginem
708 1030 843 1092 delatum
858 1030 980 1110 publice
992 1052 1071 1094 eom·

162 1110 339 1188 probatum
361 1120 415 1173 est.
456 1111 506 1172 Sic
527 1110 698 1184 Hannibal,
712 1111 811 1171 minor
831 1111 965 1191 quinque
984 1120 1015 1172 et
1029 1112 1071 1173 vi·
1086 1113 1124 1176 10

162 1190 245 1268 giuti
260 1193 358 1253 annis
371 1201 461 1252 natus
475 1192 641 1270 imperator
660 1191 767 1264 factus,
781 1191 920 1271 proximo
940 1191 1070 1253 triennio

162 1289 274 1332 omnes
304 1282 411 1353 gentes
435 1271 606 1351 Hispaniae
626 1271 707 1332 bello
727 1270 862 1350 subegit;
889 1270 1069 1350 Saguntum,

163 1349 363 1413 foederatam
382 1352 548 1424 civitatem,
561 1351 594 1413 vi
613 1352 820 1431 expugnavit;
840 1361 900 1412 tres
919 1352 1069 1414 exercitus

163 1433 325 1494 maximos
352 1432 549 1513 comparavit.
599 1432 649 1491 Ex
677 1431 725 1492 his
751 1452 847 1492 unum
873 1431 907 1490 in
930 1431 1067 1492 Africam

165 1511 263 1586 misit,
278 1513 412 1574 alterum
435 1533 505 1572 cum
528 1511 726 1573 Hasdrubale
746 1511 841 1573 fratre
863 1511 895 1571 in
915 1511 1068 1591 Hispania
1082 1513 1121 1574 15

166 1592 309 1672 reliquit,
332 1594 456 1653 tertium
480 1593 513 1651 in
537 1591 664 1653 Italiam
685 1613 786 1652 secum
808 1591 906 1653 duxit
947 1591 1067 1654 Saltum

167 1670 369 1751 Pyrenaeum
395 1673 525 1732 transiit.
575 1672 777 1752 Quacumque
804 1673 862 1733 iter
888 1671 968 1746 fecit,
996 1693 1066 1733 cum

168 1754 316 1814 omnibus
329 1753 436 1813 incolis
449 1751 601 1824 conflixit;
616 1753 767 1812 neminem
782 1751 840 1813 nisi
850 1752 966 1814 victum
980 1753 1066 1813 dimi-

167 1832 217 1892 sit.
261 1834 316 1893 Ad
338 1833 436 1911 Alpes
456 1841 653 1912 posteaquam
666 1833 759 1906 venit,
782 1852 859 1912 quae
880 1831 1004 1893 Italiam
1025 1832 1064 1894 ab

171 1911 283 1974 Gallia
295 1914 467 1994 sejungunt,
503 1933 557 1972 uas
577 1933 665 1973 nemo
686 1933 915 1992 umquamcum
929 1913 1064 1974 exercitu
1079 1914 1119 1978 20

170 2003 245 2054 ante
259 2014 330 2054 enm
350 2002 470 2072 praeter
524 1992 656 2053 erculem
671 1991 800 2054 Graium
814 1993 975 2054 transierat
990 1992 1064 2072 (quo

169 2073 254 2134 facto
268 2075 294 2134 is
308 2073 399 2134 hodie
412 2072 508 2133 saltus
518 2071 631 2133 Graius
645 2073 852 2152 appellatur);
872 2073 998 2152 Alpicos
1019 2094 1065 2134 co-

170 2164 281 2214 nantes
307 2152 468 2233 prohibere
494 2153 624 2213 transitu
652 2153 791 2226 concidit,
819 2152 887 2214 loca
914 2153 1063 2233 patefecit,

171 2233 284 2294 itinera
302 2233 424 2305 muniit,
444 2233 541 2293 effecit
562 2242 598 2293 ut
618 2253 655 2292 ea
676 2232 855 2326 elephantus
877 2243 1000 2294 omatus
1021 2234 1064 2294 ire

171 2323 280 2393 posset,
305 2334 366 2393 qua
392 2322 482 2373 antea
505 2333 584 2372 unus
607 2313 698 2373 homo
722 2313 844 2373 mermis
864 2313 919 2374 vix
946 2323 1063 2392 poterat
1077 2313 1116 2376 25

171 2414 205 2454 re
244 2415 285 2455 re.
328 2393 399 2453 Hae
409 2393 510 2472 copias
520 2393 659 2453 traduxit
673 2392 705 2451 in
720 2393 903 2472 Italiamque
917 2394 1062 2472 pervenit.

230 2475 271 2536 V.
293 2473 481 2534 Conflixerat
494 2473 576 2552 apud
590 2473 775 2533 Rhodanum
790 2493 859 2534 cum
874 2472 908 2533 P.
923 2471 1063 2534 Cornelio

171 2553 313 2634 Scipione
323 2553 445 2614 consule
453 2574 582 2632 eumque
595 2553 761 2632 pepulerat.
803 2551 880 2614 Cum
891 2553 948 2614 hoc
958 2554 1063 2614 eodem

171 2634 313 2696 Clastidii
327 2633 410 2713 apud
424 2633 543 2693 Padum
564 2633 698 2694 decernit
718 2633 913 2712 sauciumque
934 2633 1005 2693 inde
1025 2655 1061 2695 ac

170 2715 314 2794 fugatum
333 2713 470 2774 dimittit.
510 2711 612 2774 Tertio
634 2714 713 2773 idem
734 2713 835 2792 Scipio
856 2734 925 2774 cum
946 2713 1062 2793 collega
1076 2713 1115 2775 30

172 2795 294 2856 Tiberio
316 2795 423 2874 Longo
445 2793 527 2872 apud
549 2793 691 2854 Trebiam
713 2794 857 2855 adversus
879 2815 948 2853 eum
968 2795 1061 2854 venit.

171 2875 445 2937 Cumhismanum
455 2874 613 2947 conseruit,
623 2882 764 2953 utrosque
775 2873 957 2952 profligavit.
985 2873 1063 2934 Inde

209 2977 226 3014 r
246 2955 377 3034 Ligures
398 2953 595 3033 Apenninum
617 2953 747 3025 transiit,
769 2962 873 3032 petens
895 2954 1061 3014 Etruriam.

171 2977 241 3096 hoo
254 3036 363 3095 itinere
375 3035 451 3095 adeo
464 3034 552 3113 gravi
571 3032 677 3093 morbo
698 3033 828 3092 afficitur
847 3032 1012 3104 oculorum,
1027 3041 1062 3092 ut

170 3125 275 3195 postea
288 3135 455 3194 numquam
469 3115 577 3174 dextro
597 3133 692 3192 aeque
714 3111 790 3172 bene
811 3133 882 3172 usus
901 3111 948 3170 sit.
991 3112 1062 3188 Qua
1076 3108 1114 3170 35

172 3194 347 3258 valetudine
371 3215 440 3255 cum
464 3193 555 3253 etiam
579 3212 662 3251 nunc
685 3201 870 3270 premeretur
896 3190 1063 3268 lecticaque

170 3276 310 3348 ferretur,
324 3274 358 3334 C.
372 3272 560 3333 Flaminium
581 3270 734 3330 consulem
755 3269 837 3345 apud
853 3267 1062 3354 Trasimenum

171 3375 241 3416 cum
261 3355 407 3425 exercitu,
420 3350 538 3411 insidiis
557 3351 807 3414 circumventum,
821 3343 947 3408 oceid1t;
967 3359 1063 3413 neque

172 3435 270 3497 multo
294 3442 363 3514 post
389 3431 423 3492 C.
447 3427 628 3490 Centenium
651 3430 829 3502 praetorem,
852 3433 921 3474 cum
948 3414 1064 3470 delecta
