2475 3792
148 225 190 288 88
425 237 638 284 coausnu
668 236 864 283 uarorrs.

201 395 274 468 lato,
303 394 377 475 quid
406 394 559 467 sentirent,
590 402 782 472 spernemus
832 392 936 472 Hujus
968 392 1076 454 seeleris

223 476 352 555 rincipes
373 474 496 536 fuerunt
510 474 692 553 Antigonus,
714 473 915 546 Ptolemaeus,
936 472 1078 547 Seleucus,

201 497 410 635 hysimaohus,
432 554 606 616 Cassander.
647 554 821 632 Antigonus
848 563 952 614 sutem
978 553 1080 614 Eume-

202 656 271 694 nem
285 644 438 695 mortuum
452 635 629 714 propinquis
649 635 713 713 ejus
732 633 940 712 sepeliendum
952 633 1080 694 tradidit.

169 718 187 777 5
202 715 248 774 Hi
268 714 396 774 militari
417 715 541 774 honesto
560 715 675 785 funere,
689 714 853 774 comitante
865 722 931 774 toto
944 713 1081 785 exercitu,

201 795 414 867 humaverunt,
425 815 550 874 ossaque
559 795 623 874 ejus
633 794 666 852 in
674 793 900 873 Cappadociam
909 793 950 852 ad
961 802 1083 852 matrem

201 885 293 954 atque
312 895 438 935 uxorem
459 874 629 954 liberosque
648 875 712 954 ejus
732 873 922 954 deportanda
934 881 1083 933 curarunt

515 1133 786 1144 --.

422 1320 544 1393 xix.
589 1295 873 1394 rnoor'ou.

539 1484 753 1525 -wotossoo—

241 1607 267 1670 Ι.
298 1607 450 1670 ΡΗοσΙοΝ
476 1606 681 1680 Atheniensis,
708 1606 763 1666 etsi
790 1625 880 1686 saepe
907 1605 1090 1668 exercitibus

201 1690 333 1769 praefuit
346 1708 536 1767 summosque
555 1687 748 1766 magistratus
768 1687 857 1766 cepit,
868 1694 974 1748 tamen
994 1688 1090 1748 multo

148 1771 188 1834 10
202 1771 265 1909 pjus
277 1770 377 1830 notior
390 1769 547 1848 integritas
559 1768 643 1829 vitae
655 1787 748 1846 quam
768 1767 812 1826 rei
832 1767 975 1827 militaris
995 1767 1089 1828 labor.

220 1859 311 1929 taque
324 1850 414 1929 hujus
427 1849 573 1908 memoria
586 1856 630 1907 est
643 1847 740 1920 nulla,
753 1847 837 1908 illius
855 1855 958 1912 autem
978 1867 1090 1926 magns

202 1930 296 1990 fama:
312 1950 351 1989 ex
361 1950 421 2008 quo
432 1928 608 2006 cognomine
621 1927 726 1987 Bonus
739 1935 784 1988 est
793 1927 975 2006 appellatus
1016 1927 1090 1988 Fuit

201 2010 282 2070 enim
297 2018 442 2088 perpetuo
463 2028 587 2088 pauper,
601 2028 672 2066 cum
693 2007 889 2069 divitissimus
908 2026 972 2068 esse
990 2016 1090 2086 posset

201 2098 325 2170 propter
335 2089 505 2168 frequentes
515 2088 631 2148 delatos
640 2087 768 2148 honores
777 2095 999 2167 potestatesque
1011 2108 1090 2148 sum·

147 2172 186 2234 15
201 2191 274 2243 mas,
288 2190 366 2249 quae
385 2169 413 2229 ei
433 2189 452 2230 a
472 2168 585 2248 populo
606 2167 766 2228 dabantur.
808 2167 870 2227 Hic
891 2188 960 2227 cum
980 2188 1001 2227 a
1021 2189 1090 2248 rege

201 2250 346 2329 Philippo
359 2269 486 2308 munera
499 2268 629 2327 magnae
648 2248 795 2327 pecuniae
813 2243 996 2326 repudiaret,
1010 2247 1088 2328 lega·

200 2331 285 2410 tique
304 2331 498 2390 hortarentur
517 2329 654 2408 accipere
672 2328 823 2407 simulque
842 2328 1089 2401 admonerent,si

200 2411 265 2490 ipse
277 2410 326 2470 his
339 2410 428 2470 facile
440 2417 563 2482 careret,
578 2408 681 2469 liberis
700 2417 803 2468 tamen
822 2409 884 2468 suis
896 2409 1087 2487 prospiceret,

201 2490 311 2570 quibus
334 2490 457 2550 difficile
478 2498 554 2550 esset
575 2489 607 2548 in
630 2509 749 2549 summa
771 2497 951 2567 paupertate
969 2496 1087 2548 tantam

147 2572 188 2634 20
200 2580 358 2650 paternam
385 2569 464 2630 tueri
491 2570 630 2648 gloriam,
652 2569 700 2628 his
726 2567 788 2642 ille,
812 2568 871 2628 “Si
895 2567 954 2628 mei
977 2569 1088 2628 similes

201 2661 299 2722 erunt,
314 2651 394 2710 idem
416 2649 493 2722 hic‚”
507 2649 609 2728 inquit
627 2649 770 2728 “agellus
791 2647 860 2708 illos
881 2647 953 2721 alet,
966 2648 1020 2727 qui
1040 2669 1088 2708 me

202 2731 241 2792 ad
265 2731 344 2790 hanc
369 2730 547 2810 dignitatem
571 2729 733 2808 perduxit3
760 2729 806 2788 sin
831 2727 990 2788 dissimiles
1017 2737 1089 2788 sunt

202 2811 307 2884 futuri,
331 2811 401 2871 nolo
431 2811 506 2875 meis
532 2810 675 2889 impensis
703 2809 828 2869 illorum
854 2808 898 2868 ali
925 2809 1088 2888 augerique

201 2891 384 2952 luxuriam.”

147 2973 187 3033 25
242 2971 285 3033 Π.
306 2971 393 3031 Idem
407 2992 478 3032 cum
491 2990 585 3051 prope
598 2970 639 3031 ad
652 2990 767 3030 annum
777 2969 992 3048 octogesimum
1006 2990 1085 3049 pros·

201 3073 275 3131 pera
291 3052 476 3132 pervenisset
495 3052 627 3123 fortuna,
641 3051 783 3111 extremis
802 3049 990 3129 temporibus
1008 3071 1087 3128 mag·

201 3152 275 3190 num
290 3133 322 3190 in
336 3131 440 3192 odium
453 3131 593 3210 pervenit
605 3152 729 3191 suorum
739 3132 868 3203 civium;
889 3131 998 3210 primo,
1008 3129 1087 3210 quod

202 3232 272 3271 cum
286 3211 424 3272 Demade
444 3213 482 3271 de
502 3210 577 3271 urbe
596 3211 746 3271 tradenda
758 3211 923 3290 Antipatro
940 3231 1087 3271 consense

203 3299 260 3364 rat,
281 3291 404 3370 ejusque
426 3291 551 3354 oonsilio
572 3291 790 3351 Demosthenes
810 3312 881 3351 cum
902 3292 1017 3363 ceteris,
1037 3291 1087 3370 qui

148 3369 189 3432 30
202 3369 277 3430 bene
299 3371 337 3430 de
363 3391 397 3430 re
422 3370 546 3448 publica
573 3372 674 3431 meriti
702 3371 963 3445 existimabantur,
984 3371 1087 3451 populi

203 3451 277 3510 scito
290 3451 324 3509 in
337 3449 479 3510 exsilium
494 3459 582 3513 erant
601 3452 729 3530 expulsi.
771 3451 879 3531 Neque
892 3452 925 3511 in
937 3471 973 3512 eo
993 3452 1087 3513 solum
