2475 3792
151 255 194 320 48
430 271 643 320 ooanacrr
672 270 866 320 rarorrs.

205 428 379 508 putabatur.
421 427 523 506 Quam
546 426 584 489 ob
606 447 729 488 causam
746 427 837 507 pauci
857 427 896 488 ad
917 427 1097 490 societatem

101 507 104 514 '
206 509 334 589 periculi
351 509 602 589 perducebantur.
643 509 703 568 Sed
724 507 815 581 Drbn,
830 509 924 568 fretus
944 529 1007 569 non
1027 519 1097 568 tarn

205 590 268 649 suis
282 591 375 668 copiis
389 610 480 669 quam
495 589 563 649 odio
573 588 706 668 tyranni,
716 590 850 648 maximo
861 589 963 649 animo
974 589 1096 649 duabus

206 670 350 729 onerariis
368 668 496 730 navibus
516 668 737 747 quinquaginta
757 689 906 728 annorum
919 669 1095 748 imperium,

172 750 192 811 5
205 750 358 810 munitum
377 749 548 828 quingentis
569 749 666 826 longis
686 748 824 821 navibus,
838 749 941 808 decem
955 749 1096 826 equitum

206 839 386 908 centumque
400 829 535 907 peditum
553 828 685 904 milibus,
700 829 852 907 profectus
871 838 1095 906 oppugnatum,

206 910 287 989 quod
307 909 446 969 omnibus
466 907 605 987 gentibus
626 907 806 967 admirabile
826 917 871 968 est
888 909 997 980 visum,
1017 909 1095 968 adeo

206 989 296 1049 facile
308 989 446 1068 perculit,
461 997 495 1048 ut
515 999 584 1067 post
604 988 683 1046 diem
705 989 829 1047 tertium
845 1008 938 1066 quam
955 987 1094 1046 Siciliam

206 1071 356 1148 attigerat,
371 1069 534 1149 Syracusas
547 1068 705 1127 introierit.
747 1067 798 1126 Ex
816 1088 875 1146 quo
896 1066 1027 1145 intelligi
1041 1089 1096 1146 po·

153 1149 406 1222 meramnum
425 1169 487 1208 esse
504 1148 666 1226 imperium
687 1156 797 1220 tutum,
810 1148 867 1207 nisi
882 1147 1096 1208 benevolentia

206 1230 366 1289 munitum.
407 1228 454 1288 Eo
465 1237 598 1306 tempore
612 1227 718 1287 aberat
732 1226 896 1307 Dionysius
909 1237 939 1287 et
952 1227 984 1286 in
999 1227 1095 1288 Italia

206 1309 330 1370 classem
351 1308 572 1388 opperiebatur,
587 1307 828 1368 adversariorum
843 1317 926 1367 ratus
940 1308 1094 1367 neminem

205 1390 269 1450 sine
290 1390 407 1468 magnis
428 1389 520 1468 copiis
540 1389 579 1448 ad
600 1408 632 1447 se
646 1398 817 1449 venturum.
860 1388 947 1463 Quae
962 1407 1093 1447 roseum

206 1469 321 1530 fefellit.
363 1469 444 1529 Nam
458 1469 541 1528 Dion
555 1468 591 1528 iis
605 1468 686 1546 ipsis,
702 1468 755 1547 qui
770 1467 826 1528 sub
845 1469 1010 1529 adversarii
1029 1467 1094 1528 fue

153 1551 192 1614 15
207 1558 276 1609 rant
290 1558 444 1628 potestate,
459 1550 555 1628 regios
569 1549 692 1628 spiritus
711 1548 850 1627 repressit
862 1549 1014 1628 totiusque
1028 1550 1092 1626 ejus

206 1631 300 1709 partis
314 1629 434 1690 Siciliae
448 1629 560 1708 potitus
574 1638 627 1700 est,
657 1648 714 1688 uae
727 1628 784 1688 sub
795 1627 935 1707 Dionysii
945 1638 1094 1706 potestate

205 1711 321 1781 fuerat;
349 1710 475 1788 parique
501 1709 590 1769 modo
614 1729 652 1767 ur
673 1709 698 1768 is
725 1708 952 1788 Syracusarum,
972 1718 1095 1787 praeter

206 1811 304 1850 arcem
320 1798 349 1849 et
364 1789 493 1849 insulam
508 1789 685 1867 adjunctam
699 1789 827 1867 oppido;
842 1808 935 1867 eoque
949 1809 1013 1848 rem
1026 1809 1095 1867 per-

206 1871 304 1943 duxit,
318 1879 352 1929 ut
366 1869 478 1928 talibus
513 1868 682 1928 actionibus
700 1889 806 1948 pacem
825 1877 974 1947 tyrannus
993 1870 1094 1930 facere

152 1954 192 2015 20
205 1950 314 2011 vellet:
335 1948 470 2010 Siciliam
491 1890 574 2008 ilion
595 1949 752 2021 obtineret,
772 1948 896 2009 Italiam
917 1948 1094 2028 Dionysius,

205 2030 368 2171 {ygacusas
380 2029 601 2110 Apollocrates,
616 2029 666 2089 cui
682 2029 850 2090 maximam
867 2029 958 2089 fidem
972 2030 1026 2088 uni
1039 2029 1095 2090 ha·

227 2132 242 2170 e
264 2120 304 2171 at.

202 2231 205 2238 ·
245 2190 303 2251 VI.
318 2189 385 2250 Has
395 2199 459 2250 tam
470 2210 627 2269 prosperas
641 2199 764 2270 tamque
778 2191 950 2272 inopinatas
963 2213 1011 2253 res
1024 2214 1095 2254 con·

204 2280 307 2330 secuta
327 2279 371 2330 est
390 2271 491 2330 subita
511 2272 716 2344 commutatio,
731 2273 812 2350 quod
826 2273 949 2333 t'ortuna
961 2294 1017 2334 sua
1030 2295 1095 2334 mo-

151 2351 331 2424 tabilitate,
352 2371 441 2490 qqem
462 2352 553 2429 paulo
575 2360 646 2410 ante
671 2353 831 2425 extulerat,
854 2354 1026 2432 demergere
1047 2363 1095 2415 est

204 2432 319 2491 adorta.
388 2431 498 2490 rimum
515 2431 547 2490 in
564 2431 636 2503 filio,
651 2431 689 2490 de
709 2453 769 2511 quo
791 2436 1024 2496 commemoravi
1043 2455 1094 2494 su·

204 2532 269 2590 pra,
279 2532 365 2571 suam
375 2512 439 2572 vim
452 2512 595 2572 exercuit.
638 2510 720 2570 Nam
734 2533 804 2572 cum
818 2533 944 2573 uxorem
957 2516 1095 2575 reduxis-

204 2601 257 2664 set,
271 2611 348 2671 quae
362 2591 416 2651 alii
430 2591 530 2651 fuerat
543 2592 666 2664 tradita,
677 2591 834 2672 filiumque
845 2593 937 2655 vellet
950 2616 1095 2657 revocare

204 2673 244 2732 ad
257 2674 402 2733 virtutem
422 2691 441 2731 a
460 2672 579 2749 perdita
600 2672 734 2746 luxuria,
749 2675 865 2752 accepit
878 2674 1094 2753 gravissimum

151 2753 191 2814 30
204 2772 312 2831 parens
326 2752 437 2812 vulnus
456 2761 552 2812 morte
570 2752 635 2813 filii.
678 2753 797 2814 Deinde
811 2763 878 2815 orta
890 2755 1033 2816 dissensio
1046 2766 1095 2817 est

204 2832 283 2892 inter
296 2852 364 2892 eum
379 2841 409 2891 et
423 2829 629 2906 Heraclidem,
640 2834 702 2913 qui,
716 2834 797 2913 quod
811 2835 1016 2914 principatum
1029 2857 1094 2896 non

204 2911 394 2984 concedebat,
408 2911 569 2972 factionem
584 2915 781 2992 comparavit
823 2914 930 2994 Neque
947 2917 973 2976 is
991 2917 1094 2977 minus

203 2992 326 3054 valebat
346 2992 428 3070 apud
450 2992 618 3070 optimates
638 3015 766 3072 quorum
788 3016 932 3056 consensu
953 3007 1094 3076 praeerat

204 3072 300 3144 classi,
311 3092 380 3132 cum
395 3070 477 3130 Dion
492 3074 659 3132 exercitum
673 3075 841 3152 pedestrem
855 3084 977 3136 teneret
1019 3077 1050 3135 N
1051 3098 1093 3137 on

151 3152 189 3212 35
203 3151 275 3211 tulit
288 3152 344 3211 hoc
358 3151 459 3211 animo
474 3171 570 3230 aequo
585 3152 676 3225 Dion,
687 3163 717 3212 et
727 3175 848 3215 versum
862 3154 951 3214 illum
961 3156 1093 3217 Homeri

203 3231 307 3290 retulit
327 3251 366 3289 ex
386 3230 518 3290 secunda
534 3231 710 3310 rhapsodia,
724 3234 756 3291 in
770 3255 830 3311 quo
847 3235 921 3295 haec
941 3237 1093 3297 sententia

203 3319 263 3370 est:
293 3309 363 3369 Non
383 3329 469 3388 posse
490 3309 565 3370 bene
579 3312 643 3388 geri
664 3333 727 3371 rem
748 3314 902 3391 publicam
923 3315 1093 3376 multorum

203 3389 343 3467 imperiis.
387 3389 479 3465 Quod
506 3389 622 3449 dictum
650 3393 762 3470 magna
789 3394 906 3454 invidia
930 3405 1094 3460 consecuta

202 3477 255 3528 est.
297 3467 437 3546 Namque
457 3470 609 3547 aperuisse
623 3470 794 3545 videbatur,
808 3474 910 3533 omnia
924 3473 957 3533 in
970 3495 1026 3536 sua
1039 3497 1093 3556 po-
