2475 3792
394 291 729 342 arumnensis.
1013 282 1055 346 65

115 427 347 522 Epaminondae,
365 448 447 507 nihil
464 449 606 510 videmur
626 449 734 510 debere
754 439 1000 530 praetermittere,

114 524 185 601 quod
211 526 367 604 pertineat
397 529 438 588 ad
466 550 533 588 eam
562 530 784 591 declarandam.
827 531 931 608 Quare
957 533 1000 593 di·

113 622 204 663 cemus
223 607 362 684 primum
386 609 426 668 de
445 630 555 687 genere
574 611 654 688 ejus;
676 610 793 684 deinde,
815 610 923 690 quibus
943 613 1000 672 dis·

110 682 222 761 ciplinis
246 696 277 746 et
302 709 321 746 a
347 689 462 768 quibus
487 689 526 748 sit
550 691 702 762 eruditus;
723 700 787 750 tum
810 692 847 751 de
868 692 1001 753 moribus

109 761 275 844 ingeniique
289 768 504 841 facultatibus,
519 777 548 828 et
561 770 586 828 si
600 790 661 848 qua
675 770 737 830 alia
750 771 895 831 memoria
907 772 1001 852 digna
1034 774 1055 834 5

108 852 206 915 erunt;
230 857 391 924 postremo
412 849 451 909 de
476 849 564 909 rebus
587 850 687 928 gestis,
711 871 789 930 quae
815 872 835 911 a
861 850 1001 931 plurimis

107 922 194 982 animi
208 935 448 1006 anteponuntur
462 929 635 990 virtutibus.

142 1001 184 1062 H.
204 1004 309 1067 Natus
331 1008 432 1089 igitur
451 1018 547 1089 patre,
568 1031 628 1089 quo
652 1010 795 1084 diximus,
815 1033 923 1092 genere
949 1011 1000 1073 ho-

105 1091 192 1157 nesto,
213 1106 337 1168 pauper
362 1091 430 1170 jam
458 1110 478 1149 a
505 1090 669 1169 majoribus
698 1091 837 1164 relictus;
864 1092 1000 1152 eruditus

104 1171 202 1254 autem
215 1166 269 1241 sic,
284 1179 323 1230 ut
338 1191 429 1231 nemo
444 1168 606 1230 Thebanus
620 1171 724 1250 magis.
766 1171 847 1232 Nam
861 1182 892 1232 et
905 1171 998 1232 eitha-
1014 1173 1053 1235 10

105 1261 195 1305 nzare
208 1256 240 1307 et
254 1259 388 1311 cantare
404 1251 444 1310 ad
459 1250 642 1310 chordarum
662 1271 768 1311 sonum
789 1252 895 1311 doctus
916 1261 961 1312 est
980 1273 1000 1313 a

105 1320 259 1405 Dionysio,
270 1331 329 1408 qui
343 1351 407 1390 non
422 1331 537 1390 minore
548 1329 606 1390 fuit
616 1331 649 1390 in
661 1332 780 1391 musicis
789 1331 896 1410 gloria,
907 1353 999 1411 quam

105 1400 223 1466 Damon
245 1420 304 1471 aut
326 1411 490 1490 Lamprus,
508 1431 637 1490 quorum
657 1411 839 1490 pervulgata
858 1423 929 1472 sunt
949 1433 999 1472 no·

105 1484 202 1558 mina3
236 1500 370 1551 cantare
404 1491 487 1550 tibiis
519 1489 560 1550 ab
587 1490 815 1571 Olympiodoro,
841 1491 953 1552 saltare
979 1513 999 1553 a

106 1562 315 1647 Calliphrone.
358 1571 404 1631 At
423 1570 631 1650 philosophiae
647 1581 870 1651 praeceptorem
891 1571 998 1633 habuit
1013 1573 1051 1634 15

106 1642 207 1724 Lysim
229 1651 446 1724 Tarentinum,
468 1651 711 1732 Pythagoreum
739 1652 789 1712 cui
811 1652 932 1731 quidem
955 1653 998 1713 sic

108 1724 162 1787 fuit
174 1729 310 1806 deditus,
326 1741 361 1793 ut
374 1732 545 1792 adolescens
559 1733 676 1792 tristem
691 1752 727 1792 ae
739 1752 876 1794 severum
894 1753 996 1792 senem

107 1809 243 1872 omnibus
257 1813 442 1892 aequalibus
452 1813 513 1872 suis
523 1813 555 1872 in
565 1811 774 1873 familiaritate
786 1813 997 1890 anteposuerit,

108 1905 199 1968 neque
220 1896 310 1972 prius
332 1914 403 1953 eum
423 1914 443 1951 a
461 1913 493 1952 se
513 1892 661 1952 dimiserit
684 1913 776 1972 quam
800 1891 831 1950 in
854 1893 997 1952 doctrinis

108 1973 189 2055 tauto
209 1974 375 2035 antecessit
395 1972 624 2051 condiscipulos,
637 1983 673 2033 ut
686 1973 776 2032 facile
789 1972 918 2051 intelligi
933 1993 997 2111 gos
1011 1973 1051 2036 20

107 2057 157 2122 set,
170 2055 240 2130 pari
254 2056 347 2114 modo
361 2063 573 2132 superaturum
587 2074 691 2113 omnes
705 2053 736 2112 in
751 2053 855 2112 ceteris
872 2054 930 2112 arti
953 2073 995 2113 us.

109 2127 209 2212 Atque
223 2135 302 2195 haec
316 2135 357 2195 ad
371 2143 505 2192 nostram
520 2133 765 2193 consuetudinem
785 2141 857 2192 sunt
873 2132 953 2193 levia
967 2142 997 2192 et

109 2213 205 2286 potius
232 2214 471 2285 oontemncnda;
506 2222 538 2273 at
565 2213 597 2271 in
625 2212 755 2273 Graecia
784 2213 889 2291 utique
922 2212 996 2272 olim

110 2306 236 2373 magnae
252 2295 340 2356 laudi
359 2303 455 2354 erant.
496 2292 660 2372 Postquam
681 2293 815 2372 ephebus
834 2301 879 2352 est
899 2292 995 2352 factus

111 2379 139 2430 et
151 2376 321 2452 palaestrae
335 2375 409 2435 dare
424 2395 544 2453 operam
560 2374 667 2452 coepit,
682 2394 742 2433 non
763 2383 826 2433 tam
847 2373 996 2452 magnitu-
1011 2373 1049 2433 25

111 2449 171 2513 dini
183 2458 300 2519 virium
313 2455 441 2516 servivit
451 2475 543 2534 quam
553 2454 716 2515 velocitati.
757 2452 849 2512 Illam
863 2453 942 2512 enim
956 2453 996 2512 ad

112 2533 293 2597 athletarum
308 2557 407 2608 usum,
422 2536 500 2594 hanc
520 2535 561 2594 ad
580 2534 654 2594 belli
675 2533 869 2593 existimabat
882 2532 995 2593 utilita-
1012 2597 1019 2612 ‚

112 2619 168 2675 tem
192 2619 352 2698 pertinere.
395 2615 504 2695 Itaque
524 2614 721 2674 exercebatur
741 2613 907 2692 plurimum
931 2633 996 2673 eur-

112 2698 200 2759 rendo
222 2708 252 2758 et
272 2697 419 2758 luctando
440 2695 479 2755 ad
500 2716 569 2755 eum
589 2694 690 2766 finem,
704 2693 805 2772 quoad
820 2702 902 2752 stans
919 2714 996 2753 com-

112 2775 200 2852 plecti
213 2787 312 2858 posset
326 2786 419 2855 atque
432 2775 628 2848 contendere;
648 2774 681 2834 in
701 2773 793 2833 armis
811 2793 883 2835 vero
903 2773 996 2852 pluri-
1009 2774 1049 2835 30

112 2873 191 2918 mum
203 2859 298 2918 studii
312 2855 516 2918 consumebat

147 2939 208 3000 III.
236 2939 289 2998 Ad
318 2938 400 2996 hanc
427 2935 558 3015 corporis
585 2934 760 2995 firmitatem
787 2933 877 3013 plura
904 2933 996 2993 etiam

112 3020 201 3078 animi
222 3019 303 3080 bona
323 3025 517 3077 accesserant.
559 3015 637 3075 Erat
655 3016 736 3074 enim
754 3015 913 3085 modestus
927 3033 996 3091 pru·
1036 3083 1044 3097 ι

112 3097 188 3172 dens,
200 3099 312 3179 gravis,
324 3094 509 3172 temporibus
519 3096 670 3174 sapienter
680 3105 776 3166 utens,
787 3093 900 3172 peritus
914 3092 996 3164 belli,

113 3177 193 3240 fortis
206 3199 311 3250 manu,
326 3175 428 3236 animo
443 3176 593 3247 maximo;
614 3175 689 3234 ad'eo
703 3173 841 3234 veritatis
860 3171 996 3250 diligens,
1011 3171 1049 3232 35
1073 3197 1082 3210 .

113 3268 143 3320 ut
155 3280 194 3320 ne
203 3260 272 3338 joco
287 3255 413 3335 quidem
427 3255 612 3314 mentiretur.
655 3253 741 3311 Idem
763 3251 926 3318 continens,
940 3251 997 3308 ele

114 3359 192 3400 mens
205 3339 386 3419 patiensque
400 3334 612 3392 admirandum
626 3332 659 3389 in
674 3329 807 3396 modum,
821 3346 883 3382 non
896 3326 997 3412 solum

114 3419 222 3502 populi,
235 3418 289 3478 sed
311 3415 405 3474 etiam
426 3413 592 3470 amicorum
611 3410 710 3467 ferens
731 3402 873 3478 injuriam
895 3419 998 3485 mprr-

114 3501 225 3627 misquq
236 3494 400 3624 coqnmissa
420 3489 530 3561 celans,
545 3487 626 3566 quod
646 3482 801 3585 interdum
820 3493 881 3529 non
900 3489 1000 3527 mmus

229 3604 265 3614 -
298 3585 374 3636 epos.

869 3755 1076 3782 .-..--
