<?xml version="1.0" encoding="UTF-8"?>
<!DOCTYPE html PUBLIC "-//W3C//DTD XHTML 1.0 Transitional//EN"
    "http://www.w3.org/TR/xhtml1/DTD/xhtml1-transitional.dtd">
<html xmlns="http://www.w3.org/1999/xhtml" xml:lang="en" lang="en">
 <head>
  <title>
</title>
<meta http-equiv="Content-Type" content="text/html;charset=utf-8" />
  <meta name='ocr-system' content='tesseract 3.04.00' />
  <meta name='ocr-capabilities' content='ocr_page ocr_carea ocr_par ocr_line ocrx_word'/>
</head>
<body>
  <div class='ocr_page' id='page_1' title='image "./corneliinepotis27nepogoog_0101.png"; bbox 0 0 2475 3792; ppageno 0'>
   <div class='ocr_carea' id='block_1_1' title="bbox 163 246 875 310">
    <p class='ocr_par' dir='ltr' id='par_1_1' title="bbox 163 246 875 310">
     <span class='ocr_line' id='line_1_1' title="bbox 163 246 875 310; baseline -0.007 0"><span class='ocrx_word' id='word_1_1' title='bbox 163 246 205 310; x_wconf 85' lang='grc'><strong>96</strong></span> <span class='ocrx_word' id='word_1_2' title='bbox 438 259 651 308; x_wconf 81' lang='lat' dir='ltr'><strong>coannnrr</strong></span> <span class='ocrx_word' id='word_1_3' title='bbox 682 259 875 305; x_wconf 77' lang='lat' dir='ltr'><strong>narours.</strong></span> 
     </span>
    </p>
   </div>
   <div class='ocr_carea' id='block_1_2' title="bbox 159 414 1105 2502">
    <p class='ocr_par' dir='ltr' id='par_1_2' title="bbox 159 414 1105 2502">
     <span class='ocr_line' id='line_1_2' title="bbox 215 414 1100 498; baseline -0.002 -20"><span class='ocrx_word' id='word_1_4' title='bbox 215 417 269 478; x_wconf 94' lang='lat' dir='ltr'><strong>ille</strong></span> <span class='ocrx_word' id='word_1_5' title='bbox 289 416 420 498; x_wconf 86' lang='lat' dir='ltr'><strong>Erycem</strong></span> <span class='ocrx_word' id='word_1_6' title='bbox 433 416 477 477; x_wconf 90' lang='lat' dir='ltr'><strong>sic</strong></span> <span class='ocrx_word' id='word_1_7' title='bbox 489 416 633 489; x_wconf 81' lang='lat' dir='ltr'>defendit,</span> <span class='ocrx_word' id='word_1_8' title='bbox 647 425 682 476; x_wconf 94' lang='lat' dir='ltr'><strong>ut</strong></span> <span class='ocrx_word' id='word_1_9' title='bbox 700 415 815 475; x_wconf 90' lang='lat' dir='ltr'><strong>bellum</strong></span> <span class='ocrx_word' id='word_1_10' title='bbox 837 435 872 474; x_wconf 91' lang='lat' dir='ltr'><strong>eo</strong></span> <span class='ocrx_word' id='word_1_11' title='bbox 894 414 964 486; x_wconf 86' lang='lat' dir='ltr'><strong>loco</strong></span> <span class='ocrx_word' id='word_1_12' title='bbox 986 423 1100 495; x_wconf 89' lang='lat' dir='ltr'><strong>gestum</strong></span> 
     </span>
     <span class='ocr_line' id='line_1_3' title="bbox 215 495 1101 575; baseline -0.003 -16"><span class='ocrx_word' id='word_1_13' title='bbox 215 519 277 559; x_wconf 90' lang='lat' dir='ltr'><strong>nen</strong></span> <span class='ocrx_word' id='word_1_14' title='bbox 287 498 448 559; x_wconf 88' lang='lat' dir='ltr'><strong>videretur.</strong></span> <span class='ocrx_word' id='word_1_15' title='bbox 490 497 617 557; x_wconf 81' lang='lat' dir='ltr'><strong>interim</strong></span> <span class='ocrx_word' id='word_1_16' title='bbox 630 496 900 574; x_wconf 77' lang='lat' dir='ltr'><strong>Carthaginienses,</strong></span> <span class='ocrx_word' id='word_1_17' title='bbox 912 495 1008 556; x_wconf 87' lang='lat' dir='ltr'><strong>classe</strong></span> <span class='ocrx_word' id='word_1_18' title='bbox 1022 496 1101 575; x_wconf 92' lang='lat' dir='ltr'><strong>apud</strong></span> 
     </span>
     <span class='ocr_line' id='line_1_4' title="bbox 215 575 1101 656; baseline -0.003 -18"><span class='ocrx_word' id='word_1_19' title='bbox 215 578 329 638; x_wconf 87' lang='lat' dir='ltr'><strong>insulas</strong></span> <span class='ocrx_word' id='word_1_20' title='bbox 342 578 474 656; x_wconf 85' lang='lat' dir='ltr'><strong>Aegates</strong></span> <span class='ocrx_word' id='word_1_21' title='bbox 496 598 515 636; x_wconf 88' lang='lat' dir='ltr'><strong>a</strong></span> <span class='ocrx_word' id='word_1_22' title='bbox 535 577 568 638; x_wconf 93' lang='lat' dir='ltr'><strong>C.</strong></span> <span class='ocrx_word' id='word_1_23' title='bbox 584 577 718 648; x_wconf 79' lang='lat' dir='ltr'><strong>Lutetia,</strong></span> <span class='ocrx_word' id='word_1_24' title='bbox 741 575 862 635; x_wconf 90' lang='lat' dir='ltr'><strong>consule</strong></span> <span class='ocrx_word' id='word_1_25' title='bbox 885 576 1101 649; x_wconf 87' lang='lat' dir='ltr'><strong>Romanorum,</strong></span> 
     </span>
     <span class='ocr_line' id='line_1_5' title="bbox 215 656 1102 730; baseline -0.003 -11"><span class='ocrx_word' id='word_1_26' title='bbox 215 680 250 720; x_wconf 89' lang='lat' dir='ltr'><strong>su</strong></span> <span class='ocrx_word' id='word_1_27' title='bbox 289 657 357 730; x_wconf 92' lang='lat' dir='ltr'><strong>rati,</strong></span> <span class='ocrx_word' id='word_1_28' title='bbox 377 667 548 718; x_wconf 90' lang='lat' dir='ltr'><strong>statuerunt</strong></span> <span class='ocrx_word' id='word_1_29' title='bbox 569 656 643 716; x_wconf 94' lang='lat' dir='ltr'><strong>belli</strong></span> <span class='ocrx_word' id='word_1_30' title='bbox 665 657 755 715; x_wconf 90' lang='lat' dir='ltr'><strong>finem</strong></span> <span class='ocrx_word' id='word_1_31' title='bbox 770 656 877 728; x_wconf 90' lang='lat' dir='ltr'><strong>facere,</strong></span> <span class='ocrx_word' id='word_1_32' title='bbox 892 675 958 714; x_wconf 91' lang='lat' dir='ltr'><strong>eam</strong></span> <span class='ocrx_word' id='word_1_33' title='bbox 982 677 1021 716; x_wconf 91' lang='lat' dir='ltr'><strong>ue</strong></span> <span class='ocrx_word' id='word_1_34' title='bbox 1042 677 1102 716; x_wconf 89' lang='lat' dir='ltr'><strong>rem</strong></span> 
     </span>
     <span class='ocr_line' id='line_1_6' title="bbox 182 679 1104 817; baseline -0.004 -17"><span class='ocrx_word' id='word_1_35' title='bbox 182 679 341 800; x_wconf 69' lang='lat' dir='ltr'><strong>earlierio</strong></span> <span class='ocrx_word' id='word_1_36' title='bbox 354 738 555 817; x_wconf 87' lang='lat' dir='ltr'><strong>permiserunt</strong></span> <span class='ocrx_word' id='word_1_37' title='bbox 568 737 763 797; x_wconf 81' lang='lat' dir='ltr'>Hamilcaris,</span> <span class='ocrx_word' id='word_1_38' title='bbox 805 735 872 809; x_wconf 90' lang='lat' dir='ltr'><strong>Ille,</strong></span> <span class='ocrx_word' id='word_1_39' title='bbox 883 736 938 795; x_wconf 87' lang='lat' dir='ltr'><strong>etsi</strong></span> <span class='ocrx_word' id='word_1_40' title='bbox 976 737 1104 814; x_wconf 80' lang='lat' dir='ltr'><strong>agrabat</strong></span> 
     </span>
     <span class='ocr_line' id='line_1_7' title="bbox 216 816 1103 896; baseline -0.003 -17"><span class='ocrx_word' id='word_1_41' title='bbox 216 817 351 880; x_wconf 88' lang='lat' dir='ltr'><strong>bellandi</strong></span> <span class='ocrx_word' id='word_1_42' title='bbox 365 818 540 896; x_wconf 90' lang='lat' dir='ltr'><strong>eupiditate,</strong></span> <span class='ocrx_word' id='word_1_43' title='bbox 555 828 657 878; x_wconf 91' lang='lat' dir='ltr'><strong>tamen</strong></span> <span class='ocrx_word' id='word_1_44' title='bbox 677 817 744 895; x_wconf 90' lang='lat' dir='ltr'><strong>paci</strong></span> <span class='ocrx_word' id='word_1_45' title='bbox 766 816 956 877; x_wconf 89' lang='lat' dir='ltr'><strong>serviendum</strong></span> <span class='ocrx_word' id='word_1_46' title='bbox 971 818 1103 895; x_wconf 87' lang='lat' dir='ltr'><strong>putavit,</strong></span> 
     </span>
     <span class='ocr_line' id='line_1_8' title="bbox 216 897 1104 979; baseline -0.005 -20"><span class='ocrx_word' id='word_1_47' title='bbox 216 899 296 979; x_wconf 90' lang='lat' dir='ltr'><strong>quod</strong></span> <span class='ocrx_word' id='word_1_48' title='bbox 332 898 442 958; x_wconf 89' lang='lat' dir='ltr'><strong>atriam</strong></span> <span class='ocrx_word' id='word_1_49' title='bbox 455 898 635 958; x_wconf 84' lang='lat' dir='ltr'><strong>exhaustam</strong></span> <span class='ocrx_word' id='word_1_50' title='bbox 656 897 825 976; x_wconf 80' lang='lat' dir='ltr'>sumptibus</span> <span class='ocrx_word' id='word_1_51' title='bbox 845 897 960 956; x_wconf 87' lang='lat' dir='ltr'><strong>diutius</strong></span> <span class='ocrx_word' id='word_1_52' title='bbox 982 897 1104 956; x_wconf 87' lang='lat' dir='ltr'><strong>calami-</strong></span> 
     </span>
     <span class='ocr_line' id='line_1_9' title="bbox 214 976 1105 1057; baseline -0.004 -16"><span class='ocrx_word' id='word_1_53' title='bbox 214 989 292 1041; x_wconf 85' lang='lat' dir='ltr'><strong>tates</strong></span> <span class='ocrx_word' id='word_1_54' title='bbox 351 979 386 1038; x_wconf 92' lang='lat' dir='ltr'><strong>lli</strong></span> <span class='ocrx_word' id='word_1_55' title='bbox 410 979 488 1038; x_wconf 90' lang='lat' dir='ltr'><strong>ferre</strong></span> <span class='ocrx_word' id='word_1_56' title='bbox 508 999 569 1038; x_wconf 92' lang='lat' dir='ltr'><strong>non</strong></span> <span class='ocrx_word' id='word_1_57' title='bbox 589 998 674 1057; x_wconf 91' lang='lat' dir='ltr'><strong>posse</strong></span> <span class='ocrx_word' id='word_1_58' title='bbox 696 976 902 1057; x_wconf 91' lang='lat' dir='ltr'><strong>intelligebat;</strong></span> <span class='ocrx_word' id='word_1_59' title='bbox 922 976 975 1036; x_wconf 92' lang='lat' dir='ltr'><strong>sed</strong></span> <span class='ocrx_word' id='word_1_60' title='bbox 998 977 1052 1050; x_wconf 85' lang='lat' dir='ltr'><strong>ita,</strong></span> <span class='ocrx_word' id='word_1_61' title='bbox 1072 988 1105 1037; x_wconf 92' lang='lat' dir='ltr'><strong>ut</strong></span> 
     </span>
     <span class='ocr_line' id='line_1_10' title="bbox 214 1057 1105 1198; baseline -0.003 -77"><span class='ocrx_word' id='word_1_62' title='bbox 214 1060 317 1121; x_wconf 85' lang='lat' dir='ltr'><strong>statim</strong></span> <span class='ocrx_word' id='word_1_63' title='bbox 341 1068 441 1118; x_wconf 86' lang='lat' dir='ltr'><strong>mente</strong></span> <span class='ocrx_word' id='word_1_64' title='bbox 464 1059 601 1137; x_wconf 85' lang='lat' dir='ltr'><strong>agitaret,</strong></span> <span class='ocrx_word' id='word_1_65' title='bbox 623 1058 648 1117; x_wconf 92' lang='lat' dir='ltr'><strong>si</strong></span> <span class='ocrx_word' id='word_1_66' title='bbox 667 1057 798 1198; x_wconf 63' lang='lat' dir='ltr'><strong>paulum</strong></span> <span class='ocrx_word' id='word_1_67' title='bbox 822 1057 984 1118; x_wconf 85' lang='lat' dir='ltr'><strong>moderes</strong></span> <span class='ocrx_word' id='word_1_68' title='bbox 1008 1069 1105 1119; x_wconf 79' lang='lat' dir='ltr'><strong>essent</strong></span> 
     </span>
     <span class='ocr_line' id='line_1_11' title="bbox 162 1138 1105 1218; baseline -0.002 -17"><span class='ocrx_word' id='word_1_69' title='bbox 162 1138 480 1212; x_wconf 73' lang='lat' dir='ltr'><strong>lcrefecaa,be11um</strong></span> <span class='ocrx_word' id='word_1_70' title='bbox 501 1158 646 1199; x_wconf 89' lang='lat' dir='ltr'><strong>renovare</strong></span> <span class='ocrx_word' id='word_1_71' title='bbox 697 1158 878 1217; x_wconf 89' lang='lat' dir='ltr'><strong>omanosque</strong></span> <span class='ocrx_word' id='word_1_72' title='bbox 898 1138 992 1198; x_wconf 91' lang='lat' dir='ltr'><strong>armis</strong></span> <span class='ocrx_word' id='word_1_73' title='bbox 1008 1159 1105 1218; x_wconf 81' lang='lat' dir='ltr'><strong>perse</strong></span> 
     </span>
     <span class='ocr_line' id='line_1_12' title="bbox 215 1218 1105 1300; baseline -0.001 -20"><span class='ocrx_word' id='word_1_74' title='bbox 215 1221 276 1300; x_wconf 91' lang='lat' dir='ltr'><strong>qui,</strong></span> <span class='ocrx_word' id='word_1_75' title='bbox 297 1219 439 1281; x_wconf 91' lang='lat' dir='ltr'><strong>donicum</strong></span> <span class='ocrx_word' id='word_1_76' title='bbox 461 1227 515 1279; x_wconf 90' lang='lat' dir='ltr'><strong>aut</strong></span> <span class='ocrx_word' id='word_1_77' title='bbox 535 1219 650 1280; x_wconf 87' lang='lat' dir='ltr'><strong>virtute</strong></span> <span class='ocrx_word' id='word_1_78' title='bbox 669 1218 811 1281; x_wconf 80' lang='lat' dir='ltr'><strong>vicissent</strong></span> <span class='ocrx_word' id='word_1_79' title='bbox 832 1227 885 1278; x_wconf 89' lang='lat' dir='ltr'><strong>aut</strong></span> <span class='ocrx_word' id='word_1_80' title='bbox 898 1218 974 1278; x_wconf 86' lang='lat' dir='ltr'><strong>victi</strong></span> <span class='ocrx_word' id='word_1_81' title='bbox 995 1239 1105 1280; x_wconf 88' lang='lat' dir='ltr'><strong>manus</strong></span> 
     </span>
     <span class='ocr_line' id='line_1_13' title="bbox 214 1296 1104 1380; baseline -0.001 -19"><span class='ocrx_word' id='word_1_82' title='bbox 214 1301 372 1361; x_wconf 78' lang='lat' dir='ltr'><strong>dedissent.</strong></span> <span class='ocrx_word' id='word_1_83' title='bbox 413 1299 484 1360; x_wconf 91' lang='lat' dir='ltr'><strong>Hoc</strong></span> <span class='ocrx_word' id='word_1_84' title='bbox 504 1299 629 1360; x_wconf 91' lang='lat' dir='ltr'><strong>consilio</strong></span> <span class='ocrx_word' id='word_1_85' title='bbox 649 1318 754 1378; x_wconf 91' lang='lat' dir='ltr'><strong>pacem</strong></span> <span class='ocrx_word' id='word_1_86' title='bbox 774 1296 965 1371; x_wconf 90' lang='lat' dir='ltr'><strong>conciliavit;</strong></span> <span class='ocrx_word' id='word_1_87' title='bbox 990 1299 1023 1358; x_wconf 93' lang='lat' dir='ltr'><strong>in</strong></span> <span class='ocrx_word' id='word_1_88' title='bbox 1045 1320 1104 1380; x_wconf 91' lang='lat' dir='ltr'><strong>quo</strong></span> 
     </span>
     <span class='ocr_line' id='line_1_14' title="bbox 213 1378 1105 1458; baseline -0.001 -17"><span class='ocrx_word' id='word_1_89' title='bbox 213 1391 300 1441; x_wconf 90' lang='lat' dir='ltr'><strong>tanta</strong></span> <span class='ocrx_word' id='word_1_90' title='bbox 313 1380 373 1440; x_wconf 84' lang='lat' dir='ltr'><strong>fuit</strong></span> <span class='ocrx_word' id='word_1_91' title='bbox 385 1379 505 1452; x_wconf 84' lang='lat' dir='ltr'><strong>ferocia,</strong></span> <span class='ocrx_word' id='word_1_92' title='bbox 519 1400 588 1440; x_wconf 91' lang='lat' dir='ltr'><strong>cum</strong></span> <span class='ocrx_word' id='word_1_93' title='bbox 603 1379 731 1440; x_wconf 83' lang='lat' dir='ltr'><strong>Catulus</strong></span> <span class='ocrx_word' id='word_1_94' title='bbox 752 1387 875 1458; x_wconf 85' lang='lat' dir='ltr'><strong>negaret</strong></span> <span class='ocrx_word' id='word_1_95' title='bbox 895 1378 1011 1439; x_wconf 91' lang='lat' dir='ltr'><strong>bellum</strong></span> <span class='ocrx_word' id='word_1_96' title='bbox 1027 1400 1105 1440; x_wconf 88' lang='lat' dir='ltr'><strong>oom-</strong></span> 
     </span>
     <span class='ocr_line' id='line_1_15' title="bbox 214 1459 1104 1540; baseline 0 -20"><span class='ocrx_word' id='word_1_97' title='bbox 214 1462 391 1540; x_wconf 86' lang='lat' dir='ltr'><strong>positurum,</strong></span> <span class='ocrx_word' id='word_1_98' title='bbox 405 1460 463 1520; x_wconf 92' lang='lat' dir='ltr'><strong>nisi</strong></span> <span class='ocrx_word' id='word_1_99' title='bbox 477 1460 530 1520; x_wconf 93' lang='lat' dir='ltr'><strong>ille</strong></span> <span class='ocrx_word' id='word_1_100' title='bbox 543 1481 613 1520; x_wconf 90' lang='lat' dir='ltr'><strong>cum</strong></span> <span class='ocrx_word' id='word_1_101' title='bbox 626 1460 696 1532; x_wconf 91' lang='lat' dir='ltr'><strong>suis,</strong></span> <span class='ocrx_word' id='word_1_102' title='bbox 710 1460 763 1539; x_wconf 90' lang='lat' dir='ltr'><strong>qui</strong></span> <span class='ocrx_word' id='word_1_103' title='bbox 783 1459 913 1539; x_wconf 79' lang='lat' dir='ltr'><strong>Erycem</strong></span> <span class='ocrx_word' id='word_1_104' title='bbox 929 1468 1104 1534; x_wconf 86' lang='lat' dir='ltr'><strong>tenuerunt,</strong></span> 
     </span>
     <span class='ocr_line' id='line_1_16' title="bbox 162 1539 1102 1613; baseline -0.002 -10"><span class='ocrx_word' id='word_1_105' title='bbox 162 1541 200 1603; x_wconf 85' lang='lat'><strong>15</strong></span> <span class='ocrx_word' id='word_1_106' title='bbox 214 1541 306 1600; x_wconf 91' lang='lat' dir='ltr'><strong>armis</strong></span> <span class='ocrx_word' id='word_1_107' title='bbox 329 1541 449 1613; x_wconf 87' lang='lat' dir='ltr'><strong>relictis,</strong></span> <span class='ocrx_word' id='word_1_108' title='bbox 473 1540 577 1600; x_wconf 83' lang='lat' dir='ltr'><strong>Sicilia</strong></span> <span class='ocrx_word' id='word_1_109' title='bbox 604 1540 789 1613; x_wconf 85' lang='lat' dir='ltr'><strong>decederent,</strong></span> <span class='ocrx_word' id='word_1_110' title='bbox 819 1549 862 1613; x_wconf 91' lang='lat' dir='ltr'><strong>ut,</strong></span> <span class='ocrx_word' id='word_1_111' title='bbox 886 1539 1102 1601; x_wconf 82' lang='lat' dir='ltr'><strong>succumbente</strong></span> 
     </span>
     <span class='ocr_line' id='line_1_17' title="bbox 213 1620 1101 1700; baseline 0.002 -20"><span class='ocrx_word' id='word_1_112' title='bbox 213 1621 322 1700; x_wconf 89' lang='lat' dir='ltr'><strong>patria,</strong></span> <span class='ocrx_word' id='word_1_113' title='bbox 336 1620 399 1699; x_wconf 91' lang='lat' dir='ltr'><strong>ipse</strong></span> <span class='ocrx_word' id='word_1_114' title='bbox 421 1621 589 1699; x_wconf 89' lang='lat' dir='ltr'><strong>periturum</strong></span> <span class='ocrx_word' id='word_1_115' title='bbox 613 1641 645 1680; x_wconf 91' lang='lat' dir='ltr'><strong>se</strong></span> <span class='ocrx_word' id='word_1_116' title='bbox 667 1621 767 1700; x_wconf 92' lang='lat' dir='ltr'><strong>potius</strong></span> <span class='ocrx_word' id='word_1_117' title='bbox 781 1620 901 1693; x_wconf 86' lang='lat' dir='ltr'><strong>dixerit,</strong></span> <span class='ocrx_word' id='word_1_118' title='bbox 916 1640 1010 1700; x_wconf 88' lang='lat' dir='ltr'><strong>quam</strong></span> <span class='ocrx_word' id='word_1_119' title='bbox 1032 1641 1101 1682; x_wconf 88' lang='lat' dir='ltr'><strong>eum</strong></span> 
     </span>
     <span class='ocr_line' id='line_1_18' title="bbox 215 1700 1102 1779; baseline 0.002 -18"><span class='ocrx_word' id='word_1_120' title='bbox 215 1710 299 1762; x_wconf 89' lang='lat' dir='ltr'><strong>tanto</strong></span> <span class='ocrx_word' id='word_1_121' title='bbox 313 1700 429 1779; x_wconf 89' lang='lat' dir='ltr'><strong>flagitio</strong></span> <span class='ocrx_word' id='word_1_122' title='bbox 451 1700 574 1760; x_wconf 89' lang='lat' dir='ltr'><strong>domum</strong></span> <span class='ocrx_word' id='word_1_123' title='bbox 596 1701 716 1761; x_wconf 89' lang='lat' dir='ltr'><strong>rediret.</strong></span> <span class='ocrx_word' id='word_1_124' title='bbox 757 1700 788 1760; x_wconf 92' lang='lat' dir='ltr'>N</span> <span class='ocrx_word' id='word_1_125' title='bbox 789 1722 828 1761; x_wconf 91' lang='lat' dir='ltr'><strong>on</strong></span> <span class='ocrx_word' id='word_1_126' title='bbox 850 1701 930 1760; x_wconf 91' lang='lat' dir='ltr'><strong>enirn</strong></span> <span class='ocrx_word' id='word_1_127' title='bbox 952 1721 1027 1762; x_wconf 91' lang='lat' dir='ltr'><strong>suae</strong></span> <span class='ocrx_word' id='word_1_128' title='bbox 1041 1722 1102 1763; x_wconf 87' lang='lat' dir='ltr'><strong>essa</strong></span> 
     </span>
     <span class='ocr_line' id='line_1_19' title="bbox 213 1781 1102 1861; baseline 0.003 -20"><span class='ocrx_word' id='word_1_129' title='bbox 213 1781 344 1853; x_wconf 84' lang='lat' dir='ltr'><strong>virtutis,</strong></span> <span class='ocrx_word' id='word_1_130' title='bbox 358 1800 443 1841; x_wconf 88' lang='lat' dir='ltr'><strong>arma</strong></span> <span class='ocrx_word' id='word_1_131' title='bbox 465 1801 484 1840; x_wconf 90' lang='lat' dir='ltr'><strong>a</strong></span> <span class='ocrx_word' id='word_1_132' title='bbox 505 1781 606 1860; x_wconf 90' lang='lat' dir='ltr'><strong>patria</strong></span> <span class='ocrx_word' id='word_1_133' title='bbox 627 1791 752 1861; x_wconf 87' lang='lat' dir='ltr'><strong>accepta</strong></span> <span class='ocrx_word' id='word_1_134' title='bbox 765 1782 907 1842; x_wconf 86' lang='lat' dir='ltr'><strong>adversus</strong></span> <span class='ocrx_word' id='word_1_135' title='bbox 930 1782 1032 1843; x_wconf 86' lang='lat' dir='ltr'><strong>hostes</strong></span> <span class='ocrx_word' id='word_1_136' title='bbox 1052 1783 1102 1843; x_wconf 90' lang='lat' dir='ltr'><strong>ad·</strong></span> 
     </span>
     <span class='ocr_line' id='line_1_20' title="bbox 214 1861 1099 1941; baseline 0.003 -18"><span class='ocrx_word' id='word_1_137' title='bbox 214 1861 352 1923; x_wconf 89' lang='lat' dir='ltr'><strong>versariis</strong></span> <span class='ocrx_word' id='word_1_138' title='bbox 372 1862 499 1921; x_wconf 85' lang='lat' dir='ltr'><strong>tradere.</strong></span> <span class='ocrx_word' id='word_1_139' title='bbox 541 1861 644 1940; x_wconf 90' lang='lat' dir='ltr'><strong>Hujus</strong></span> <span class='ocrx_word' id='word_1_140' title='bbox 665 1862 848 1941; x_wconf 85' lang='lat' dir='ltr'><strong>pertinaciae</strong></span> <span class='ocrx_word' id='word_1_141' title='bbox 861 1863 949 1924; x_wconf 84' lang='lat' dir='ltr'><strong>cessit</strong></span> <span class='ocrx_word' id='word_1_142' title='bbox 962 1863 1099 1926; x_wconf 82' lang='lat' dir='ltr'><strong>Catulus.</strong></span> 
     </span>
     <span class='ocr_line' id='line_1_21' title="bbox 161 1940 1102 2021; baseline 0.004 -19"><span class='ocrx_word' id='word_1_143' title='bbox 161 1943 200 2003; x_wconf 81' lang='lat'><strong>20</strong></span> <span class='ocrx_word' id='word_1_144' title='bbox 254 1941 296 2001; x_wconf 89' lang='grc' dir='ltr'><strong>Π.</strong></span> <span class='ocrx_word' id='word_1_145' title='bbox 324 1942 369 2001; x_wconf 87' lang='lat' dir='ltr'><strong>At</strong></span> <span class='ocrx_word' id='word_1_146' title='bbox 393 1940 454 2015; x_wconf 90' lang='lat' dir='ltr'><strong>ille,</strong></span> <span class='ocrx_word' id='word_1_147' title='bbox 474 1951 509 2001; x_wconf 92' lang='lat' dir='ltr'><strong>ut</strong></span> <span class='ocrx_word' id='word_1_148' title='bbox 533 1940 749 2021; x_wconf 82' lang='lat' dir='ltr'><strong>Carthaginem</strong></span> <span class='ocrx_word' id='word_1_149' title='bbox 769 1944 863 2017; x_wconf 87' lang='lat' dir='ltr'><strong>venit,</strong></span> <span class='ocrx_word' id='word_1_150' title='bbox 887 1945 984 2004; x_wconf 92' lang='lat' dir='ltr'><strong>multo</strong></span> <span class='ocrx_word' id='word_1_151' title='bbox 1012 1946 1102 2006; x_wconf 91' lang='lat' dir='ltr'><strong>aliter</strong></span> 
     </span>
     <span class='ocr_line' id='line_1_22' title="bbox 214 2021 1100 2104; baseline 0.006 -22"><span class='ocrx_word' id='word_1_152' title='bbox 214 2043 249 2082; x_wconf 88' lang='lat' dir='ltr'><strong>ac</strong></span> <span class='ocrx_word' id='word_1_153' title='bbox 276 2021 417 2100; x_wconf 86' lang='lat' dir='ltr'><strong>sperabat</strong></span> <span class='ocrx_word' id='word_1_154' title='bbox 444 2042 506 2081; x_wconf 89' lang='lat' dir='ltr'><strong>rem</strong></span> <span class='ocrx_word' id='word_1_155' title='bbox 531 2022 685 2100; x_wconf 90' lang='lat' dir='ltr'><strong>publicam</strong></span> <span class='ocrx_word' id='word_1_156' title='bbox 709 2043 741 2083; x_wconf 92' lang='lat' dir='ltr'><strong>se</strong></span> <span class='ocrx_word' id='word_1_157' title='bbox 764 2023 925 2084; x_wconf 88' lang='lat' dir='ltr'><strong>habentem</strong></span> <span class='ocrx_word' id='word_1_158' title='bbox 950 2027 1100 2104; x_wconf 84' lang='lat' dir='ltr'><strong>cognovit</strong></span> 
     </span>
     <span class='ocr_line' id='line_1_23' title="bbox 213 2102 1102 2181; baseline 0.008 -20"><span class='ocrx_word' id='word_1_159' title='bbox 213 2102 354 2181; x_wconf 88' lang='lat' dir='ltr'><strong>Namque</strong></span> <span class='ocrx_word' id='word_1_160' title='bbox 376 2102 576 2173; x_wconf 79' lang='lat' dir='ltr'><strong>diuturnitate</strong></span> <span class='ocrx_word' id='word_1_161' title='bbox 599 2103 717 2162; x_wconf 85' lang='lat' dir='ltr'><strong>externi</strong></span> <span class='ocrx_word' id='word_1_162' title='bbox 744 2104 816 2163; x_wconf 91' lang='lat' dir='ltr'><strong>mali</strong></span> <span class='ocrx_word' id='word_1_163' title='bbox 842 2113 961 2165; x_wconf 89' lang='lat' dir='ltr'><strong>tanturn</strong></span> <span class='ocrx_word' id='word_1_164' title='bbox 987 2108 1102 2168; x_wconf 88' lang='lat' dir='ltr'><strong>exarsit</strong></span> 
     </span>
     <span class='ocr_line' id='line_1_24' title="bbox 213 2181 1100 2263; baseline 0.008 -22"><span class='ocrx_word' id='word_1_165' title='bbox 213 2183 388 2242; x_wconf 91' lang='lat' dir='ltr'><strong>intestinum</strong></span> <span class='ocrx_word' id='word_1_166' title='bbox 403 2181 526 2254; x_wconf 89' lang='lat' dir='ltr'><strong>bellum,</strong></span> <span class='ocrx_word' id='word_1_167' title='bbox 541 2192 576 2242; x_wconf 93' lang='lat' dir='ltr'><strong>ut</strong></span> <span class='ocrx_word' id='word_1_168' title='bbox 595 2203 763 2262; x_wconf 84' lang='lat' dir='ltr'><strong>numquam</strong></span> <span class='ocrx_word' id='word_1_169' title='bbox 778 2185 844 2263; x_wconf 90' lang='lat' dir='ltr'><strong>pari</strong></span> <span class='ocrx_word' id='word_1_170' title='bbox 858 2185 994 2263; x_wconf 90' lang='lat' dir='ltr'><strong>periculo</strong></span> <span class='ocrx_word' id='word_1_171' title='bbox 1008 2186 1100 2248; x_wconf 82' lang='lat' dir='ltr'><strong>fuerit</strong></span> 
     </span>
     <span class='ocr_line' id='line_1_25' title="bbox 213 2262 1101 2341; baseline 0.003 -17"><span class='ocrx_word' id='word_1_172' title='bbox 213 2262 374 2341; x_wconf 88' lang='lat' dir='ltr'><strong>Carthago,</strong></span> <span class='ocrx_word' id='word_1_173' title='bbox 397 2262 454 2322; x_wconf 86' lang='lat' dir='ltr'><strong>nisi</strong></span> <span class='ocrx_word' id='word_1_174' title='bbox 481 2283 551 2323; x_wconf 89' lang='lat' dir='ltr'><strong>cum</strong></span> <span class='ocrx_word' id='word_1_175' title='bbox 578 2262 678 2323; x_wconf 87' lang='lat' dir='ltr'><strong>deleta</strong></span> <span class='ocrx_word' id='word_1_176' title='bbox 701 2274 753 2324; x_wconf 83' lang='lat' dir='ltr'><strong>est.</strong></span> <span class='ocrx_word' id='word_1_177' title='bbox 795 2264 899 2325; x_wconf 91' lang='lat' dir='ltr'><strong>Primo</strong></span> <span class='ocrx_word' id='word_1_178' title='bbox 923 2268 1101 2327; x_wconf 81' lang='lat' dir='ltr'><strong>mercenarii</strong></span> 
     </span>
     <span class='ocr_line' id='line_1_26' title="bbox 159 2342 1101 2422; baseline 0.006 -20"><span class='ocrx_word' id='word_1_179' title='bbox 159 2342 198 2402; x_wconf 83' lang='lat'><strong>25</strong></span> <span class='ocrx_word' id='word_1_180' title='bbox 212 2343 332 2415; x_wconf 90' lang='lat' dir='ltr'><strong>milites,</strong></span> <span class='ocrx_word' id='word_1_181' title='bbox 351 2342 403 2421; x_wconf 93' lang='lat' dir='ltr'><strong>qui</strong></span> <span class='ocrx_word' id='word_1_182' title='bbox 425 2343 568 2403; x_wconf 86' lang='lat' dir='ltr'><strong>adversus</strong></span> <span class='ocrx_word' id='word_1_183' title='bbox 583 2343 735 2405; x_wconf 91' lang='lat' dir='ltr'><strong>Romanos</strong></span> <span class='ocrx_word' id='word_1_184' title='bbox 756 2344 885 2417; x_wconf 83' lang='lat' dir='ltr'><strong>fuerant,</strong></span> <span class='ocrx_word' id='word_1_185' title='bbox 900 2345 1101 2422; x_wconf 89' lang='lat' dir='ltr'><strong>desciverunt,</strong></span> 
     </span>
     <span class='ocr_line' id='line_1_27' title="bbox 212 2424 1101 2502; baseline 0.008 -21"><span class='ocrx_word' id='word_1_186' title='bbox 212 2443 339 2501; x_wconf 90' lang='lat' dir='ltr'><strong>quorum</strong></span> <span class='ocrx_word' id='word_1_187' title='bbox 368 2442 510 2483; x_wconf 90' lang='lat' dir='ltr'><strong>numerus</strong></span> <span class='ocrx_word' id='word_1_188' title='bbox 536 2432 601 2484; x_wconf 88' lang='lat' dir='ltr'><strong>erat</strong></span> <span class='ocrx_word' id='word_1_189' title='bbox 624 2424 733 2502; x_wconf 90' lang='lat' dir='ltr'><strong>viginti</strong></span> <span class='ocrx_word' id='word_1_190' title='bbox 761 2426 888 2485; x_wconf 89' lang='lat' dir='ltr'><strong>milium.</strong></span> <span class='ocrx_word' id='word_1_191' title='bbox 930 2426 976 2486; x_wconf 90' lang='lat' dir='ltr'><strong>Hi</strong></span> <span class='ocrx_word' id='word_1_192' title='bbox 1004 2436 1101 2488; x_wconf 89' lang='lat' dir='ltr'><strong>totam</strong></span> 
     </span>
    </p>
   </div>
   <div class='ocr_carea' id='block_1_3' title="bbox 211 2502 1215 2588">
    <p class='ocr_par' dir='ltr' id='par_1_3' title="bbox 211 2502 1215 2588">
     <span class='ocr_line' id='line_1_28' title="bbox 211 2502 1215 2588; baseline 0.008 -26"><span class='ocrx_word' id='word_1_193' title='bbox 211 2502 423 2562; x_wconf 87' lang='lat' dir='ltr'><strong>abalienarunt</strong></span> <span class='ocrx_word' id='word_1_194' title='bbox 436 2502 607 2576; x_wconf 87' lang='lat' dir='ltr'><strong>Africam,i</strong></span> <span class='ocrx_word' id='word_1_195' title='bbox 645 2524 695 2564; x_wconf 92' lang='lat' dir='ltr'><strong>am</strong></span> <span class='ocrx_word' id='word_1_196' title='bbox 709 2504 925 2584; x_wconf 87' lang='lat' dir='ltr'><strong>Carthaginem</strong></span> <span class='ocrx_word' id='word_1_197' title='bbox 946 2528 1102 2588; x_wconf 88' lang='lat' dir='ltr'><strong>oppugna·</strong></span> <span class='ocrx_word' id='word_1_198' title='bbox 1214 2507 1215 2512; x_wconf 54' lang='lat'>&#39;</span> 
     </span>
    </p>
   </div>
   <div class='ocr_carea' id='block_1_4' title="bbox 136 2582 1100 3062">
    <p class='ocr_par' dir='ltr' id='par_1_4' title="bbox 136 2582 1100 3062">
     <span class='ocr_line' id='line_1_29' title="bbox 211 2582 1098 2666; baseline 0.01 -26"><span class='ocrx_word' id='word_1_199' title='bbox 211 2591 290 2642; x_wconf 89' lang='lat' dir='ltr'><strong>runt.</strong></span> <span class='ocrx_word' id='word_1_200' title='bbox 333 2582 453 2658; x_wconf 73' lang='lat' dir='ltr'><strong>Quibus</strong></span> <span class='ocrx_word' id='word_1_201' title='bbox 474 2583 562 2643; x_wconf 88' lang='lat' dir='ltr'><strong>malis</strong></span> <span class='ocrx_word' id='word_1_202' title='bbox 623 2605 657 2644; x_wconf 86' lang='lat' dir='ltr'><strong>eo</strong></span> <span class='ocrx_word' id='word_1_203' title='bbox 678 2596 749 2646; x_wconf 91' lang='lat' dir='ltr'><strong>sunt</strong></span> <span class='ocrx_word' id='word_1_204' title='bbox 772 2585 865 2646; x_wconf 90' lang='lat' dir='ltr'><strong>Poeni</strong></span> <span class='ocrx_word' id='word_1_205' title='bbox 887 2589 1047 2666; x_wconf 88' lang='lat' dir='ltr'><strong>perterriti,</strong></span> <span class='ocrx_word' id='word_1_206' title='bbox 1062 2598 1098 2649; x_wconf 93' lang='lat' dir='ltr'><strong>ut</strong></span> 
     </span>
     <span class='ocr_line' id='line_1_30' title="bbox 210 2662 1100 2746; baseline 0.007 -23"><span class='ocrx_word' id='word_1_207' title='bbox 210 2663 302 2723; x_wconf 88' lang='lat' dir='ltr'><strong>etiam</strong></span> <span class='ocrx_word' id='word_1_208' title='bbox 325 2662 442 2722; x_wconf 90' lang='lat' dir='ltr'><strong>auxilia</strong></span> <span class='ocrx_word' id='word_1_209' title='bbox 455 2662 495 2723; x_wconf 89' lang='lat' dir='ltr'><strong>ab</strong></span> <span class='ocrx_word' id='word_1_210' title='bbox 510 2663 656 2724; x_wconf 91' lang='lat' dir='ltr'><strong>Romanis</strong></span> <span class='ocrx_word' id='word_1_211' title='bbox 679 2665 821 2745; x_wconf 90' lang='lat' dir='ltr'><strong>petierint</strong></span> <span class='ocrx_word' id='word_1_212' title='bbox 842 2688 936 2745; x_wconf 87' lang='lat' dir='ltr'><strong>eaque</strong></span> <span class='ocrx_word' id='word_1_213' title='bbox 958 2668 1100 2746; x_wconf 91' lang='lat' dir='ltr'><strong>impetra-</strong></span> 
     </span>
     <span class='ocr_line' id='line_1_31' title="bbox 136 2741 1099 2827; baseline 0.009 -26"><span class='ocrx_word' id='word_1_214' title='bbox 136 2787 141 2794; x_wconf 77' lang='lat'>.</span> <span class='ocrx_word' id='word_1_215' title='bbox 158 2741 197 2801; x_wconf 87' lang='lat'><strong>30</strong></span> <span class='ocrx_word' id='word_1_216' title='bbox 211 2743 280 2802; x_wconf 90' lang='lat' dir='ltr'><strong>rint.</strong></span> <span class='ocrx_word' id='word_1_217' title='bbox 321 2741 381 2802; x_wconf 88' lang='lat' dir='ltr'><strong>Sed</strong></span> <span class='ocrx_word' id='word_1_218' title='bbox 391 2752 535 2816; x_wconf 92' lang='lat' dir='ltr'><strong>extremo,</strong></span> <span class='ocrx_word' id='word_1_219' title='bbox 545 2764 615 2804; x_wconf 91' lang='lat' dir='ltr'><strong>eum</strong></span> <span class='ocrx_word' id='word_1_220' title='bbox 630 2766 723 2825; x_wconf 89' lang='lat' dir='ltr'><strong>prope</strong></span> <span class='ocrx_word' id='word_1_221' title='bbox 733 2747 799 2825; x_wconf 88' lang='lat' dir='ltr'><strong>jam</strong></span> <span class='ocrx_word' id='word_1_222' title='bbox 810 2748 849 2807; x_wconf 88' lang='lat' dir='ltr'><strong>ad</strong></span> <span class='ocrx_word' id='word_1_223' title='bbox 860 2748 1099 2827; x_wconf 85' lang='lat' dir='ltr'><strong>desperationem</strong></span> 
     </span>
     <span class='ocr_line' id='line_1_32' title="bbox 211 2822 1099 2905; baseline 0.01 -24"><span class='ocrx_word' id='word_1_224' title='bbox 211 2823 422 2901; x_wconf 86' lang='lat' dir='ltr'><strong>pervenissent,</strong></span> <span class='ocrx_word' id='word_1_225' title='bbox 433 2822 643 2884; x_wconf 90' lang='lat' dir='ltr'><strong>Hamilcarem</strong></span> <span class='ocrx_word' id='word_1_226' title='bbox 659 2826 870 2905; x_wconf 87' lang='lat' dir='ltr'><strong>imperatorem</strong></span> <span class='ocrx_word' id='word_1_227' title='bbox 882 2827 1024 2889; x_wconf 82' lang='lat' dir='ltr'><strong>fecerunt.</strong></span> <span class='ocrx_word' id='word_1_228' title='bbox 1067 2829 1099 2890; x_wconf 86' lang='lat' dir='ltr'><strong>Is</strong></span> 
     </span>
     <span class='ocr_line' id='line_1_33' title="bbox 211 2901 1098 2985; baseline 0.01 -24"><span class='ocrx_word' id='word_1_229' title='bbox 211 2923 270 2962; x_wconf 91' lang='lat' dir='ltr'><strong>non</strong></span> <span class='ocrx_word' id='word_1_230' title='bbox 284 2901 381 2963; x_wconf 91' lang='lat' dir='ltr'><strong>solum</strong></span> <span class='ocrx_word' id='word_1_231' title='bbox 396 2903 494 2964; x_wconf 88' lang='lat' dir='ltr'><strong>hostes</strong></span> <span class='ocrx_word' id='word_1_232' title='bbox 514 2924 533 2964; x_wconf 94' lang='lat' dir='ltr'><strong>a</strong></span> <span class='ocrx_word' id='word_1_233' title='bbox 554 2905 648 2964; x_wconf 89' lang='lat' dir='ltr'><strong>muris</strong></span> <span class='ocrx_word' id='word_1_234' title='bbox 663 2905 855 2985; x_wconf 86' lang='lat' dir='ltr'><strong>Carthaginis</strong></span> <span class='ocrx_word' id='word_1_235' title='bbox 877 2909 1013 2982; x_wconf 90' lang='lat' dir='ltr'><strong>removit,</strong></span> <span class='ocrx_word' id='word_1_236' title='bbox 1028 2929 1098 2970; x_wconf 92' lang='lat' dir='ltr'><strong>eum</strong></span> 
     </span>
     <span class='ocr_line' id='line_1_34' title="bbox 210 2983 1098 3062; baseline 0.009 -21"><span class='ocrx_word' id='word_1_237' title='bbox 210 2983 341 3062; x_wconf 91' lang='lat' dir='ltr'><strong>amplius</strong></span> <span class='ocrx_word' id='word_1_238' title='bbox 364 2992 485 3042; x_wconf 92' lang='lat' dir='ltr'><strong>centum</strong></span> <span class='ocrx_word' id='word_1_239' title='bbox 507 2983 593 3044; x_wconf 90' lang='lat' dir='ltr'><strong>milia</strong></span> <span class='ocrx_word' id='word_1_240' title='bbox 614 2985 696 3046; x_wconf 86' lang='lat' dir='ltr'><strong>facta</strong></span> <span class='ocrx_word' id='word_1_241' title='bbox 718 2997 815 3047; x_wconf 78' lang='lat' dir='ltr'><strong>essent</strong></span> <span class='ocrx_word' id='word_1_242' title='bbox 837 2998 1031 3062; x_wconf 88' lang='lat' dir='ltr'><strong>armatorum,</strong></span> <span class='ocrx_word' id='word_1_243' title='bbox 1045 2989 1098 3049; x_wconf 89' lang='lat' dir='ltr'><strong>sed</strong></span> 
     </span>
    </p>
   </div>
   <div class='ocr_carea' id='block_1_5' title="bbox 210 3063 1213 3149">
    <p class='ocr_par' dir='ltr' id='par_1_5' title="bbox 210 3063 1213 3149">
     <span class='ocr_line' id='line_1_35' title="bbox 210 3063 1213 3149; baseline 0.011 -27"><span class='ocrx_word' id='word_1_244' title='bbox 210 3063 301 3122; x_wconf 88' lang='lat' dir='ltr'><strong>etiam</strong></span> <span class='ocrx_word' id='word_1_245' title='bbox 315 3083 349 3122; x_wconf 90' lang='lat' dir='ltr'><strong>eo</strong></span> <span class='ocrx_word' id='word_1_246' title='bbox 363 3063 518 3140; x_wconf 91' lang='lat' dir='ltr'><strong>compulit,</strong></span> <span class='ocrx_word' id='word_1_247' title='bbox 530 3073 564 3123; x_wconf 93' lang='lat' dir='ltr'><strong>ut</strong></span> <span class='ocrx_word' id='word_1_248' title='bbox 578 3063 713 3125; x_wconf 88' lang='lat' dir='ltr'><strong>locorum</strong></span> <span class='ocrx_word' id='word_1_249' title='bbox 728 3068 873 3145; x_wconf 90' lang='lat' dir='ltr'><strong>angustiis</strong></span> <span class='ocrx_word' id='word_1_250' title='bbox 888 3068 983 3130; x_wconf 87' lang='lat' dir='ltr'><strong>clausi</strong></span> <span class='ocrx_word' id='word_1_251' title='bbox 996 3068 1099 3149; x_wconf 83' lang='lat' dir='ltr'><strong>plures</strong></span> <span class='ocrx_word' id='word_1_252' title='bbox 1212 3073 1213 3102; x_wconf 63' lang='lat' dir='ltr'><strong>r</strong></span> 
     </span>
    </p>
   </div>
   <div class='ocr_carea' id='block_1_6' title="bbox 157 3141 1098 3227">
    <p class='ocr_par' dir='ltr' id='par_1_6' title="bbox 157 3141 1098 3227">
     <span class='ocr_line' id='line_1_36' title="bbox 157 3141 1098 3227; baseline 0.011 -27"><span class='ocrx_word' id='word_1_253' title='bbox 157 3141 195 3201; x_wconf 81' lang='lat'><strong>35</strong></span> <span class='ocrx_word' id='word_1_254' title='bbox 210 3143 290 3201; x_wconf 87' lang='lat' dir='ltr'><strong>fame</strong></span> <span class='ocrx_word' id='word_1_255' title='bbox 304 3162 395 3220; x_wconf 91' lang='lat' dir='ltr'><strong>quam</strong></span> <span class='ocrx_word' id='word_1_256' title='bbox 416 3143 495 3201; x_wconf 84' lang='lat' dir='ltr'><strong>ferro</strong></span> <span class='ocrx_word' id='word_1_257' title='bbox 514 3143 679 3205; x_wconf 79' lang='lat' dir='ltr'><strong>interirent.</strong></span> <span class='ocrx_word' id='word_1_258' title='bbox 722 3145 834 3208; x_wconf 90' lang='lat' dir='ltr'><strong>Omnia</strong></span> <span class='ocrx_word' id='word_1_259' title='bbox 855 3149 967 3227; x_wconf 91' lang='lat' dir='ltr'><strong>oppida</strong></span> <span class='ocrx_word' id='word_1_260' title='bbox 987 3148 1098 3210; x_wconf 88' lang='lat' dir='ltr'><strong>abalie-</strong></span> 
     </span>
    </p>
   </div>
   <div class='ocr_carea' id='block_1_7' title="bbox 209 3219 1099 3306">
    <p class='ocr_par' dir='ltr' id='par_1_7' title="bbox 209 3219 1212 3306">
     <span class='ocr_line' id='line_1_37' title="bbox 209 3219 1099 3306; baseline 0.015 -28"><span class='ocrx_word' id='word_1_261' title='bbox 209 3230 291 3293; x_wconf 91' lang='lat' dir='ltr'><strong>nata,</strong></span> <span class='ocrx_word' id='word_1_262' title='bbox 305 3221 337 3279; x_wconf 90' lang='lat' dir='ltr'><strong>in</strong></span> <span class='ocrx_word' id='word_1_263' title='bbox 360 3221 406 3288; x_wconf 86' lang='lat' dir='ltr'><strong>his</strong></span> <span class='ocrx_word' id='word_1_264' title='bbox 431 3219 555 3282; x_wconf 89' lang='lat' dir='ltr'><strong>Uticam</strong></span> <span class='ocrx_word' id='word_1_265' title='bbox 577 3232 669 3303; x_wconf 90' lang='lat' dir='ltr'><strong>atque</strong></span> <span class='ocrx_word' id='word_1_266' title='bbox 692 3225 877 3306; x_wconf 87' lang='lat' dir='ltr'><strong>Hipponem,</strong></span> <span class='ocrx_word' id='word_1_267' title='bbox 892 3229 1099 3292; x_wconf 85' lang='lat' dir='ltr'><strong>valentissima</strong></span> 
     </span>
    </p>
   </div>
   <div class='ocr_carea' id='block_1_8' title="bbox 208 3299 1211 3599">
    <p class='ocr_par' dir='ltr' id='par_1_8' title="bbox 208 3299 1100 3534">
     <span class='ocr_line' id='line_1_38' title="bbox 209 3299 1099 3387; baseline 0.011 -27"><span class='ocrx_word' id='word_1_268' title='bbox 209 3301 301 3360; x_wconf 89' lang='lat' dir='ltr'><strong>totius</strong></span> <span class='ocrx_word' id='word_1_269' title='bbox 315 3299 447 3371; x_wconf 89' lang='lat' dir='ltr'><strong>Africae,</strong></span> <span class='ocrx_word' id='word_1_270' title='bbox 463 3301 593 3360; x_wconf 91' lang='lat' dir='ltr'><strong>restituit</strong></span> <span class='ocrx_word' id='word_1_271' title='bbox 613 3305 738 3380; x_wconf 89' lang='lat' dir='ltr'><strong>patriae.</strong></span> <span class='ocrx_word' id='word_1_272' title='bbox 780 3306 889 3387; x_wconf 89' lang='lat' dir='ltr'><strong>Neque</strong></span> <span class='ocrx_word' id='word_1_273' title='bbox 903 3330 937 3370; x_wconf 91' lang='lat' dir='ltr'><strong>eo</strong></span> <span class='ocrx_word' id='word_1_274' title='bbox 951 3309 1010 3372; x_wconf 85' lang='lat' dir='ltr'><strong>fuit</strong></span> <span class='ocrx_word' id='word_1_275' title='bbox 1031 3331 1099 3370; x_wconf 91' lang='lat' dir='ltr'><strong>con·</strong></span> 
     </span>
     <span class='ocr_line' id='line_1_39' title="bbox 208 3379 1100 3465; baseline 0.019 -28"><span class='ocrx_word' id='word_1_276' title='bbox 208 3387 317 3450; x_wconf 89' lang='lat' dir='ltr'><strong>tentus,</strong></span> <span class='ocrx_word' id='word_1_277' title='bbox 328 3379 379 3438; x_wconf 91' lang='lat' dir='ltr'><strong>sed</strong></span> <span class='ocrx_word' id='word_1_278' title='bbox 394 3379 485 3438; x_wconf 88' lang='lat' dir='ltr'><strong>etiam</strong></span> <span class='ocrx_word' id='word_1_279' title='bbox 496 3379 569 3439; x_wconf 89' lang='lat' dir='ltr'><strong>fines</strong></span> <span class='ocrx_word' id='word_1_280' title='bbox 583 3382 703 3460; x_wconf 90' lang='lat' dir='ltr'><strong>imperii</strong></span> <span class='ocrx_word' id='word_1_281' title='bbox 715 3388 905 3465; x_wconf 85' lang='lat' dir='ltr'><strong>propagavit,</strong></span> <span class='ocrx_word' id='word_1_282' title='bbox 916 3399 980 3452; x_wconf 85' lang='lat' dir='ltr'><strong>tota</strong></span> <span class='ocrx_word' id='word_1_283' title='bbox 991 3389 1100 3454; x_wconf 75' lang='lat' dir='ltr'><strong>Africa</strong></span> 
     </span>
     <span class='ocr_line' id='line_1_40' title="bbox 208 3458 1100 3534; baseline 0.019 -17"><span class='ocrx_word' id='word_1_284' title='bbox 208 3467 329 3517; x_wconf 85' lang='lat' dir='ltr'><strong>tantum</strong></span> <span class='ocrx_word' id='word_1_285' title='bbox 343 3458 438 3517; x_wconf 90' lang='lat' dir='ltr'><strong>otium</strong></span> <span class='ocrx_word' id='word_1_286' title='bbox 453 3458 593 3530; x_wconf 86' lang='lat' dir='ltr'><strong>reddidit,</strong></span> <span class='ocrx_word' id='word_1_287' title='bbox 608 3470 643 3520; x_wconf 89' lang='lat' dir='ltr'><strong>ut</strong></span> <span class='ocrx_word' id='word_1_288' title='bbox 656 3464 777 3526; x_wconf 89' lang='lat' dir='ltr'><strong>nullum</strong></span> <span class='ocrx_word' id='word_1_289' title='bbox 792 3466 823 3526; x_wconf 90' lang='lat' dir='ltr'><strong>in</strong></span> <span class='ocrx_word' id='word_1_290' title='bbox 838 3487 874 3528; x_wconf 88' lang='lat' dir='ltr'><strong>ea</strong></span> <span class='ocrx_word' id='word_1_291' title='bbox 887 3467 1004 3532; x_wconf 88' lang='lat' dir='ltr'><strong>bellum</strong></span> <span class='ocrx_word' id='word_1_292' title='bbox 1017 3471 1100 3534; x_wconf 83' lang='lat' dir='ltr'><strong>vide-</strong></span> 
     </span>
    </p>

    <p class='ocr_par' dir='ltr' id='par_1_9' title="bbox 209 3536 1211 3599">
     <span class='ocr_line' id='line_1_41' title="bbox 209 3536 1211 3599; baseline 0.008 -3"><span class='ocrx_word' id='word_1_293' title='bbox 209 3546 292 3596; x_wconf 77' lang='lat' dir='ltr'><strong>retur</strong></span> <span class='ocrx_word' id='word_1_294' title='bbox 305 3537 409 3597; x_wconf 91' lang='lat' dir='ltr'><strong>multis</strong></span> <span class='ocrx_word' id='word_1_295' title='bbox 423 3536 509 3596; x_wconf 87' lang='lat' dir='ltr'><strong>annis</strong></span> <span class='ocrx_word' id='word_1_296' title='bbox 523 3538 621 3599; x_wconf 77' lang='lat' dir='ltr'><strong>uisse.</strong></span> <span class='ocrx_word' id='word_1_297' title='bbox 1210 3547 1211 3556; x_wconf 74' lang='grc'>’</span> 
     </span>
    </p>
   </div>
   <div class='ocr_carea' id='block_1_9' title="bbox 0 0 1242 3792">
    <p class='ocr_par' dir='ltr' id='par_1_10' title="bbox 0 0 1242 3792">
     <span class='ocr_line' id='line_1_42' title="bbox 0 0 1242 3792; baseline 0 0"><span class='ocrx_word' id='word_1_298' title='bbox 0 0 1242 3792; x_wconf 95' lang='lat' dir='ltr'><strong> </strong></span> 
     </span>
    </p>
   </div>
  </div>
 </body>
</html>
