2475 3792
168 270 212 334 60
447 282 661 330 conanum
689 280 883 328 nnrorrs.

261 439 302 502 V.
324 439 411 500 Haec
431 439 506 499 dum
526 449 682 518 geruntur,
697 438 886 498 Artaxerxes
906 435 1104 510 reminiscens,

221 541 241 580 a
264 530 378 600 quanto
406 518 487 580 bello
514 521 555 579 ad
582 540 673 598 quam
698 539 827 598 parvam
851 537 916 578 rem
940 518 1105 596 principem

221 601 334 661 ducum
354 601 489 673 misisset,
508 621 539 660 se
560 600 623 678 ipse
643 599 836 679 reprehendit
855 608 886 657 et
905 597 1050 656 nuntium
1068 596 1107 656 ad

222 681 388 741 exercitum
403 680 490 741 Acen
511 681 601 752 misit,
616 680 697 758 quod
713 679 851 738 nondum
864 677 1030 737 Datamem
1045 697 1108 755 pro

188 763 207 823 5
222 763 334 822 fectum
345 760 483 840 putabat,
493 761 545 840 qui
555 761 677 832 diceret,
686 780 724 819 ne
736 758 776 819 ab
787 758 924 819 exercitu
935 757 1107 817 discederet

222 842 284 902 Hic
312 843 489 920 priusquam
516 841 697 920 perveniret,
721 859 782 918 quo
805 847 872 900 erat
893 837 1056 917 profectus,
1077 837 1109 896 in

222 923 328 981 itinere
349 920 499 993 convenit,
514 921 565 1000 qui
582 920 693 999 Aspim
713 919 873 980 ducebant.
916 919 990 994 Qua
1010 917 1110 977 celeri·

221 1011 285 1062 tato
299 1021 367 1062 cum
382 1021 525 1081 magnam
539 1000 781 1062 benevolentiam
792 1001 870 1079 regis
884 998 1034 1058 Datames
1044 1018 1110 1058 con·

221 1091 340 1142 secutus
354 1091 437 1154 esset,
451 1102 514 1141 non
533 1081 680 1140 minorem
701 1081 850 1141 invidiam
869 1079 1043 1139 aulicorum
1061 1099 1110 1138 ex·

169 1165 208 1226 10
222 1163 311 1241 oepit,
329 1162 383 1240 qui
406 1162 496 1221 illum
521 1181 615 1221 unum
640 1160 737 1239 pluris
757 1180 850 1238 quam
869 1179 900 1218 se
920 1179 1026 1219 omnes
1046 1158 1110 1218 fieri

221 1242 375 1304 videbant.
418 1242 489 1319 Quo
507 1242 588 1302 facto
609 1241 711 1302 cuncti
732 1241 771 1300 ad
785 1261 861 1306 eum
875 1238 1110 1317 opprimendum

222 1332 443 1383 consenserunt.
483 1322 572 1383 Haeo
590 1321 752 1394 Pandates,
766 1340 858 1399 gazae
878 1329 978 1379 custos
999 1319 1110 1398 regiae,

222 1404 337 1464 amicus
351 1402 486 1475 Datami,
501 1402 668 1482 perscripta
681 1402 709 1462 ei
723 1401 826 1473 mittit,
841 1401 873 1459 in
887 1399 999 1478 quibus
1013 1400 1109 1473 docet,

223 1504 292 1543 eum
307 1504 416 1562 magno
430 1484 494 1543 fore
507 1483 651 1562 periculo,
665 1482 690 1541 si
712 1481 785 1560 quid
800 1481 854 1540 illo
867 1481 1039 1559 imperante
1058 1481 1110 1540 ad·

170 1568 208 1628 15
223 1563 302 1624 versi
315 1563 348 1622 in
361 1563 503 1643 Aegypto
522 1563 686 1623 accidisset.
727 1561 869 1640 Namque
883 1581 950 1620 eam
964 1581 1028 1620 esse
1042 1581 1109 1621 con-

221 1643 412 1705 suetudinem
427 1644 549 1722 regiam,
563 1652 599 1705 ut
612 1664 698 1704 casus
711 1643 852 1704 adversos
869 1640 1044 1701 hominibus
1058 1641 1110 1700 tri-

223 1723 327 1797 buant,
348 1725 492 1784 secundos
513 1724 652 1784 fortunae
671 1744 759 1784 suae:
781 1743 840 1801 quo
864 1721 939 1794 fieri,
960 1731 996 1781 ut
1019 1721 1110 1782 facile

221 1804 420 1883 impellantur
438 1804 478 1864 ad
492 1824 595 1864 eorum
609 1804 781 1883 perniciem,
796 1824 925 1882 quorum
946 1803 1042 1863 ductu
1062 1823 1111 1863 res

150 1891 160 1909 ⁸
206 1885 302 1945 male
322 1893 423 1964 gestae
443 1885 629 1944 nuntientur.
670 1884 766 1943 Illum
786 1885 848 1944 hoc
864 1885 978 1963 majore
995 1884 1060 1945 fore
1076 1884 1110 1943 in

169 1971 208 2032 20
223 1965 403 2036 discrimine,
424 1965 513 2043 quod,
535 1965 644 2044 quibus
669 1986 723 2025 rex
747 1965 881 2024 maxime
903 1965 1036 2040 obediat,
1060 1987 1110 2027 eos

222 2045 333 2105 habeat
355 2045 581 2106 inimicissimos
623 2045 749 2106 Talibus
769 2045 822 2105 ille
842 2047 951 2106 litteris
971 2047 1110 2126 cognitis,

222 2145 291 2185 cum
301 2125 367 2204 jam
381 2125 420 2184 ad
435 2127 600 2186 exercitum
611 2126 697 2186 Acen
708 2127 846 2199 venisset,
857 2127 938 2206 quod
951 2148 1014 2187 non
1028 2129 1111 2206 igno-

223 2205 311 2265 rabat
335 2225 370 2264 ea
390 2225 460 2267 vere
483 2207 605 2286 scripta,
626 2207 788 2267 desciscere
811 2228 831 2266 a
852 2228 922 2286 rege
943 2208 1110 2269 constituit
1167 2215 1171 2222 “

223 2285 329 2364 Neque
343 2294 443 2344 tamen
458 2287 625 2365 quidquam
638 2287 719 2360 fecit,
733 2287 815 2366 quod
828 2287 888 2348 fide
907 2308 963 2347 sua
976 2297 1054 2348 esset
1066 2289 1112 2348 in·

169 2371 208 2432 25
223 2366 356 2444 dignum.
412 2365 494 2426 Nam
521 2366 732 2428 Mandroclem
760 2368 936 2447 Magnetem
962 2365 1115 2430 exercitui

222 2445 383 2525 praefecit3
411 2446 474 2526 ipse
498 2467 567 2506 cum
590 2448 652 2508 suis
675 2449 709 2507 in
733 2447 959 2527 Cappadociam
982 2450 1112 2510 discedit

223 2528 473 2606 conjunctamque
493 2526 564 2587 huic
585 2527 829 2608 Paphlagoniam
847 2538 984 2608 occupat,
999 2531 1110 2603 celans,

222 2627 283 2685 qua
291 2607 448 2667 voluntate
462 2617 536 2668 esset
549 2609 582 2666 in
596 2629 715 2688 regem;
729 2610 810 2669 clam
823 2630 894 2669 cum
902 2610 1111 2670 Ariobarzane

222 2687 295 2746 l'aoit
322 2687 496 2760 amicitiam,
521 2709 646 2748 manum
671 2699 836 2768 comparat,
860 2689 949 2750 urbas
976 2691 1110 2750 munitas

168 2771 209 2832 30
222 2768 282 2827 suis
303 2768 429 2828 tuendas
449 2769 552 2828 tradit.

262 2847 319 2907 Vl.
341 2847 401 2907 Sed
415 2849 489 2908 haec
502 2857 626 2928 propter
640 2849 771 2910 hiemale
783 2858 903 2929 tempus
923 2849 1025 2910 minus
1042 2871 1110 2930 pro·

221 2948 307 3006 spere
326 2929 536 3006 procedebant.
578 2929 687 3002 Audit,
702 2930 819 2990 Pisidas
840 2930 987 3009 quasdam
1008 2933 1109 3011 copias

221 3008 365 3068 adversus
379 3029 409 3068 se
423 3029 539 3087 parare.
581 3009 698 3069 Filium
712 3031 747 3070 eo
760 3011 925 3071 Arsideum
941 3032 1013 3071 cum
1026 3032 1109 3071 exer·

222 3089 284 3148 citu
306 3089 408 3148 mittit.
450 3088 540 3149 Cadit
561 3089 594 3148 in
614 3090 729 3168 proelio
751 3091 930 3151 adolescens.
973 3091 1109 3152 Proficis-

150 3169 208 3228 -35
223 3167 302 3227 citur
325 3188 358 3227 eo
382 3178 469 3246 pater
492 3190 553 3229 non
577 3170 622 3230 ita
645 3190 715 3230 cum
740 3191 851 3249 magna
872 3192 975 3244 manu,
998 3172 1108 3245 celans,

222 3256 369 3325 quantum
390 3249 502 3308 vulnus
526 3250 696 3328 accepisset,
717 3251 797 3330 quod
820 3250 904 3328 prius
928 3252 967 3310 ad
991 3252 1109 3312 hostem

221 3327 378 3403 pervenire
393 3328 543 3405 cupiebat,
557 3350 650 3408 quam
665 3331 702 3390 de
716 3352 748 3389 re
762 3330 842 3389 male
860 3341 944 3408 gesta
964 3331 1048 3391 fama
1068 3333 1108 3392 ad

222 3423 289 3462 suos
303 3408 482 3482 perveniret,
496 3429 535 3468 ne
551 3411 672 3487 cognita
693 3410 750 3469 filii
771 3420 867 3469 morte
887 3411 983 3470 animi
1003 3407 1108 3471 debili·

222 3492 360 3543 tarentur
372 3487 515 3548 militum.
556 3489 628 3566 Quo
642 3490 846 3562 contenderat,
860 3491 999 3570 pervenit
1013 3492 1108 3570 iisque
