2475 3792
375 261 628 311 u.ron01us
658 262 775 332 caru.
1012 248 1075 314 105

120 418 319 480 obsideretur.
365 419 447 480 Puer
460 439 530 480 eum
545 418 690 491 celeriter,
701 417 775 498 quid
788 425 873 491 esset,
887 419 1020 480 renunti-

120 509 198 560 asset
218 520 386 579 omnesque
411 499 510 559 exitus
534 509 695 578 occupatos
716 499 899 570 ostendisset,
920 500 1020 574 sensit,

120 579 153 639 id
168 601 228 639 non
243 580 373 641 fortuito
388 579 512 651 factum,
527 579 579 639 sed
593 601 624 638 se
638 579 709 657 peti,
724 599 821 658 neque
834 579 891 638 sibi
906 579 1020 640 diutius

120 661 218 721 vitam
246 680 310 720 esse
338 659 537 720 retinendam.
581 659 684 734 Quam
708 679 746 718 ne
770 658 869 718 alieno
893 658 1019 720 arbitrio

121 740 299 814 dimitteret,
320 760 435 800 memor
460 739 659 818 pristinarum
681 739 838 811 virtutum,
859 758 1018 813 venenum,
1054 740 1071 800 5

122 821 204 899 quod
218 841 339 899 semper
352 841 453 880 secum
468 819 579 879 habere
588 828 799 891 eonsueverat,
815 819 950 897 sumpsit.

162 900 261 960 XIII.
289 900 340 961 Sia
361 901 409 962 vir
436 899 624 972 fortissimus,
651 899 755 958 multis
776 899 927 979 variisque
976 919 1018 959 er·

121 981 247 1041 functus
257 981 422 1054 laboribus,
431 1000 511 1041 anno
524 979 676 1059 aequievit
687 980 914 1058 septuagesimo.
943 919 1017 1056 igui-

122 1061 179 1121 bus
207 1061 383 1121 consulibus
409 1061 566 1133 interierit,
595 1081 656 1120 non
685 1060 834 1119 convenit.
876 1059 1017 1139 Namque

122 1140 256 1213 Atticus,
281 1141 325 1201 M.
347 1141 477 1202 Claudio
502 1141 659 1214 Marcello,
687 1139 725 1215 Q.
751 1139 848 1201 Fabio
876 1139 1016 1201 Labeone
1033 1140 1071 1202 10

122 1221 307 1294 oonsulibus,
318 1232 472 1282 mortuum
486 1222 517 1280 in
532 1221 637 1281 annali
651 1241 705 1281 suo
720 1221 865 1300 seriptum
877 1221 1016 1300 reliquit;

122 1311 155 1362 at
165 1301 323 1380 Polybius,
334 1301 371 1362 L.
382 1302 515 1362 Aemilio
527 1302 634 1374 Paulo,
645 1301 700 1363 On.
712 1300 826 1361 Baebio
837 1300 998 1379 Tamphilo
1009 1323 1015 1372 ;
1036 1307 1046 1320 ¹

122 1381 277 1460 Sulpicius
305 1390 407 1442 autem
435 1381 550 1456 Blitho,
577 1382 612 1442 P.
637 1381 776 1442 Cornelio
806 1380 946 1460 Cethego,
971 1381 1015 1441 M.

122 1461 240 1522 Baebio
264 1461 435 1540 Tamphilo.
476 1463 580 1542 Atque
600 1463 650 1522 hio
674 1471 776 1522 tantus
797 1462 845 1522 vir
865 1462 1016 1540 tantisque

122 1541 216 1602 bellis
239 1542 394 1602 districtus
420 1543 560 1603 nonnihil
588 1544 730 1622 temporis
757 1542 864 1602 tribuit
898 1541 1014 1602 litteris.
1030 1542 1068 1601 15

121 1621 266 1715 Namque
280 1622 396 1701 aliquot
409 1624 473 1702 ejus
487 1623 559 1684 libri
571 1632 651 1696 sunt,
665 1622 782 1684 Graeco
798 1643 934 1683 sermono
948 1643 1015 1683 con-

121 1703 203 1775 fecti,
217 1723 251 1761 m
272 1703 320 1762 his
341 1703 381 1762 ud
404 1703 540 1763 Rhodios
563 1704 601 1763 de
622 1703 677 1764 Cn.
692 1704 802 1763 Manlii
817 1703 962 1765 Vulsonis
984 1704 1014 1762 in

122 1781 200 1842 Asia
221 1781 312 1842 rebus
333 1784 431 1861 gestia.
472 1783 576 1864 Hujus
597 1783 679 1845 bella
701 1794 785 1863 gesta
801 1785 891 1844 multi
905 1805 1014 1844 memo·

122 1864 185 1922 riae
210 1863 429 1941 prodiderunt3
456 1864 508 1924 sed
533 1885 572 1925 ex
596 1865 643 1924 his
667 1865 737 1938 duo,
758 1866 811 1944 qui
835 1885 905 1924 oum
926 1865 1012 1925 eoin

122 1943 228 2003 eastris
248 1943 374 2002 fuerunt
392 1944 543 2024 simulque
556 1945 710 2018 vixerunt,
723 1945 870 2024 quamdiu
890 1944 1013 2004 fortuna
1028 1945 1066 2006 20

122 2044 210 2102 passa
230 2032 285 2095 est,
300 2022 420 2084 Silenus
433 2033 463 2084 et
476 2024 590 2084 Sosilus
604 2025 869 2085 Lacedaemonius.
910 2024 1014 2103 Atque

122 2103 179 2243 quc
198 2103 298 2163 Sosilo
319 2103 479 2164 Hannibal
499 2104 670 2165 litterarum
684 2105 871 2166 Graecarum
885 2124 956 2164 usus
970 2114 1014 2164 est
1075 2153 1079 2160 .

142 2193 252 2244 ootore.

160 2264 221 2324 Sed
236 2284 291 2324 nos
304 2273 423 2342 tempus
436 2273 480 2324 est
493 2264 584 2344 hujus
597 2265 669 2325 libri
682 2265 781 2325 facere
794 2264 884 2324 finem
904 2272 935 2325 et
955 2263 1014 2325 Ro-

121 2364 283 2404 manorum
297 2344 452 2422 explicare
465 2345 669 2424 imperatores,
679 2365 738 2425 quo
753 2345 881 2417 facilius,
896 2344 1013 2405 collatis
1029 2345 1066 2405 25

121 2433 321 2563 utqqrumque
342 2424 439 2497 factis,
460 2425 514 2504 qui
533 2425 594 2487 viri
616 2425 807 2504 praeferendi
830 2426 900 2500 sint,
919 2425 1013 2504 possit

117 2523 155 2582 Ju
190 2523 264 2564 cara

212 2833 372 2906 XXIV.
416 2835 465 2907 Μ.
496 2836 747 2909 PORCIUS
776 2838 920 2913 CATO.

122 3023 174 3068 EX
196 3023 307 3069 LIBRO
329 3022 502 3070 CORNELII
525 3026 675 3072 Naroma
698 3026 747 3072 DE
769 3027 914 3073 LATINIS
937 3026 1013 3073 1118·

381 3126 386 3128 ·
497 3113 645 3160 romola.

463 3261 678 3302 -oossossoo—

161 3380 188 3441 I.
210 3368 369 3455 ΜᾸΟΔτο,
382 3392 466 3444 ortus
481 3381 647 3457 municipio
661 3379 800 3450 Tusculo,
814 3376 1015 3438 adolescentu-

122 3460 179 3534 lus,
187 3462 366 3542 prIusquam
377 3460 541 3522 honoribus
551 3479 674 3538 operam
685 3458 779 3528 daret,
789 3463 923 3517 versatus
931 3454 1014 3511 estin
1028 3452 1066 3510 29
