2475 3792
176 227 241 290 114
457 237 670 286 coannnrr
700 235 893 283 auroris.

269 396 330 456 XI.
354 394 476 472 Quibus
499 415 538 454 ex
558 394 647 454 malis
672 402 707 454 ut
730 414 760 454 se
781 393 910 465 emersit,
931 391 1011 452 nihil
1032 391 1114 453 aliud

228 478 291 556 egit
314 496 405 556 quam
430 485 465 535 ut
490 475 639 554 plurimis,
664 474 773 553 quibus
797 473 886 534 rebus
910 481 1020 552 posset,
1043 483 1115 533 esset

229 557 353 618 auxilio.
403 555 481 616 Cum
512 555 693 634 proscriptos
724 554 865 632 praemiis
899 553 1115 632 imperatorum

230 638 340 716 vulgus
361 634 558 715 conquireret,
578 655 667 694 nemo
688 634 719 692 in
741 633 871 712 Epirum
885 633 980 706 venit,
1002 635 1052 694 cui
1073 654 1116 693 res

197 718 295 779 bulla
313 717 458 786 defuerit;
479 715 592 774 nemini
606 735 667 773 non
682 713 724 773 ibi
738 723 883 792 perpetuo
903 714 1049 773 manendi
1069 734 1117 792 po

230 807 320 859 testas
341 797 423 858 facta
444 803 496 855 est.
538 794 601 870 Qui
624 795 715 854 etiam
739 804 807 872 post
850 793 978 853 roelium
1004 794 1118 873 Philip

268 899 320 938 nse
333 878 548 955 interitumque
557 874 592 936 C.
606 873 702 935 Cassii
723 883 753 934 et
773 873 817 934 M.
861 874 923 933 ruti
944 873 981 934 L.
997 873 1118 935 Julium

230 900 388 1020 blocillam
402 956 596 1036 praetorium,
610 964 642 1016 et
657 955 754 1014 filium
768 955 840 1034 ejus,
854 954 1037 1033 Aulumque
1050 954 1118 1015 'l’or-

231 1049 357 1118 quatum
372 1047 541 1117 ceterosque
555 1036 623 1116 pari
636 1034 758 1096 fortuna
779 1034 939 1114 perculsos,
954 1025 1119 1096 instituerit

180 1120 217 1180 10
231 1119 318 1191 tueri,
332 1128 423 1198 atque
443 1138 482 1177 ex
502 1117 598 1256 quro
612 1115 660 1176 his
672 1115 776 1175 omnia
788 1115 1033 1176 Samothraciam
1054 1136 1119 1195 sup

231 1199 345 1280 portari
361 1197 491 1277 jusserit.
566 1196 666 1257 ifficile
679 1205 724 1256 est
739 1195 841 1256 omnia
861 1196 1001 1274 persequi
1016 1205 1047 1256 et
1061 1217 1118 1255 non

230 1279 438 1340 necessarium.
479 1277 563 1338 Illud
587 1297 683 1336 unum
706 1275 837 1354 intelligi
861 1275 1014 1348 volumus,
1039 1277 1121 1337 illius

230 1360 444 1421 liberalitatem
472 1378 568 1437 neque
594 1356 808 1436 temporariam
842 1376 939 1435 neque
974 1357 1120 1417 callidam

230 1441 329 1501 fuisse.
369 1439 408 1498 Id
432 1459 471 1498 ex
499 1439 570 1517 ipsis
597 1437 686 1498 rebus
713 1457 749 1498 ac
776 1436 963 1514 temporibus
985 1437 1121 1516 judicari

178 1520 217 1581 15
231 1529 336 1602 potest,
347 1519 427 1598 quod
441 1538 502 1579 non
513 1518 689 1579 florentibus
702 1538 734 1577 se
743 1516 923 1590 venditavit,
932 1516 986 1577 sed
1000 1517 1122 1578 afflictis

230 1620 347 1680 semper
366 1600 531 1670 succurrit;
552 1599 603 1677 qui
618 1598 739 1677 quidem
761 1596 930 1669 Serviliam,
944 1596 1040 1657 Bruti
1061 1619 1121 1658 nra·

230 1691 317 1754 trem,
337 1701 398 1740 non
423 1680 522 1738 minus
546 1687 613 1758 post
637 1688 764 1739 mortem
789 1678 851 1756 ejus
875 1698 969 1756 quum
993 1677 1121 1739 florente

230 1761 364 1823 coluerit.
416 1760 466 1820 sio
493 1759 677 1819 liberalitate
703 1768 790 1819 utens
816 1757 918 1818 nullas
943 1758 1122 1820 inimicitias

231 1842 321 1922 gessit
330 1863 341 1934 ;Ι
365 1841 445 1933 quod
469 1860 567 1919 neque
590 1839 730 1900 laedebat
754 1860 945 1919 quemquam,
966 1859 1077 1918 neque,
1096 1840 1121 1901 si

177 1923 217 1983 20
231 1943 321 2001 quam
333 1922 474 2000 injurtam
486 1929 723 2000 acceperat,110n
734 1920 868 1981 malebat
877 1920 1018 1982 oblivisci
1029 1942 1122 2000 quam

230 2002 343 2062 ulcisci.
384 2000 469 2060 Idem
482 2001 647 2060 immortali
658 2001 802 2061 memoria
816 2010 957 2080 percepta
972 2003 1122 2063 retinebet

230 2082 391 2153 beneficia;
412 2101 489 2160 quae
502 2090 605 2140 autem
618 2081 682 2160 ipse
700 2081 856 2154 tribuerat,
871 2081 1003 2142 tamdiu
1019 2084 1123 2142 memi-

231 2171 326 2233 nerat,
340 2162 439 2241 quoad
460 2161 513 2221 ille
533 2171 637 2240 gratus
651 2171 725 2233 erat,
739 2162 791 2240 qui
804 2170 970 2240 acceperat.
1013 2161 1123 2242 Itaque
1216 2185 1217 2190 ¹

230 2243 281 2302 hic
301 2242 380 2313 fecit,
396 2250 430 2301 ut
443 2261 514 2302 vere
533 2241 650 2301 dictum
665 2242 819 2302 videatur:
840 2241 896 2304 Sat
908 2243 1012 2322 cecique
1033 2264 1124 2303 moras

177 2321 216 2382 25
231 2324 352 2403 fingam
358 2322 509 2401 fortunam
522 2321 692 2382 luminibus.
733 2322 840 2401 Neque
854 2331 955 2382 tamen
970 2323 1057 2401 prius
1072 2324 1124 2383 ille

230 2403 383 2463 fortunam
398 2422 488 2480 quam
503 2403 611 2481 seipse
624 2402 722 2475 finxit,
737 2403 790 2482 qui
810 2402 900 2474 cavit,
915 2422 1030 2480 nequa
1045 2405 1124 2464 inre

232 2484 302 2563 jure
337 2482 504 2542 lecteretur.

270 2503 349 2622 Xll.
377 2561 437 2621 His
464 2562 558 2641 igitur
584 2562 674 2624 rebus
698 2564 803 2638 effecit,
825 2574 861 2626 ut
887 2564 930 2626 M.
952 2565 1122 2646 Vipsanius

231 2642 380 2721 Agrippa,
394 2642 503 2702 intima
515 2643 726 2705 familiaritate
739 2647 915 2725 conjunctus
936 2646 1120 2708 adolescenti

178 2721 218 2783 30
232 2721 362 2793 Caesari,
376 2742 445 2782 curn
466 2732 589 2803 propter
608 2745 695 2785 suam
716 2727 846 2804 gratiam
868 2735 898 2786 et
911 2725 1051 2787 Caesaris
1071 2749 1120 2806 po

230 2803 357 2863 tentiam
371 2803 485 2862 nullius
499 2804 683 2865 condicionis
703 2826 764 2868 non
785 2806 910 2866 haberet
930 2816 1120 2885 potestatem,

230 2883 418 2962 potissimum
432 2884 495 2962 ejus
508 2884 654 2963 deligeret
667 2886 854 2960 affinitatem,
869 2897 1122 2968 praeoptaretque

230 2964 339 3042 equitis
353 2963 484 3022 Romani
504 2964 599 3024 filiam
621 2986 831 3044 generosarum
850 2967 972 3046 nuptiis.
1015 2967 1119 3049 Atque
1212 3011 1213 3046 ÷

230 3043 339 3101 harum
367 3043 542 3120 nuptiarum
571 3045 748 3106 conciliator
774 3047 834 3108 fuit
862 3056 937 3124 (non
965 3057 1011 3108 est
1038 3050 1117 3108 enim
1212 3049 1213 3060 ¹

176 3119 215 3179 35
229 3121 404 3212 celandum.)
424 3121 467 3180 M.
482 3122 645 3195 Antonius,
660 3126 803 3187 triumvir
824 3128 868 3187 rei
888 3127 1048 3206 publicae:
1070 3150 1117 3189 eu-

231 3219 283 3276 Jus
315 3209 414 3276 gratia
448 3221 517 3259 cum
551 3223 662 3280 augere
692 3207 887 3283 possessiones
914 3217 1013 3285 posset
1040 3229 1118 3281 suas,
1211 3231 1212 3264 r

226 3286 344 3367 tantum
359 3277 498 3370 abfirita
518 3282 685 3358 cupiditate
705 3286 859 3362 pecuniae,
874 3286 1010 3347 utnulla
1031 3289 1065 3346 in
1086 3310 1117 3348 re

226 3373 296 3412 usus
309 3365 348 3413 sit
361 3375 406 3425 ea,
419 3376 476 3414 n1s1
491 3359 522 3415 in
538 3359 735 3438 deprecandis
752 3365 919 3427 amicorum
933 3377 987 3427 aut
1001 3369 1117 3445 pericu-

224 3430 262 3489 lis
284 3442 339 3489 aut
361 3433 565 3496 incommodis.
607 3438 700 3515 Quod
722 3444 844 3521 quidem
872 3445 928 3507 sub
956 3446 1023 3524 ipsa
1051 3469 1117 3528 pro·
1210 3477 1211 3507 r
