2475 3792
350 278 381 324 r.
410 277 661 325 rouronms
691 279 881 327 urricus.
1031 263 1091 325 119

139 427 316 493 humiliore.
367 433 468 493 Tanta
495 435 575 493 enim
604 436 785 514 prosperitas
809 436 966 496 Caesarem
995 445 1039 496 est

138 521 373 586 consecutam
400 513 477 572 nihil
502 515 529 574 ei
555 535 616 574 non
641 515 781 576 tribuerit
804 515 936 588 fortuna,
957 515 1037 595 quod

137 591 286 669 cuiquam
313 603 386 654 ante
410 595 560 667 detulerit,
586 604 617 655 et
641 595 817 667 conciliarit,
841 595 923 675 quod
950 615 1037 656 nemo

138 670 241 731 adhuc
255 675 337 735 civis
352 675 508 735 Romanus
522 677 622 753 quivit
636 676 783 754 consequi.
826 674 910 736 Nata
923 685 967 736 est
987 696 1037 736 au·

135 757 198 809 tem
222 752 337 815 Attico
359 757 459 834 neptis
479 776 518 815 ex
539 755 691 834 Agrippa,
709 756 758 814 cui
771 755 921 894 virginem
943 756 1036 816 filiam
1071 755 1090 814 t

136 831 320 895 collocarat.
370 835 463 895 Hanc
486 835 607 908 Caesar,
627 838 682 896 vix
710 836 820 896 aunicu
834 857 893 908 am,
917 835 1037 896 Tiberio

136 909 275 975 Claudio
306 915 431 988 Neroni,
460 916 599 975 Drusilla
627 925 708 988 nato,
733 916 873 996 privigno
900 937 962 989 suc,
990 917 1037 976 de·

136 995 288 1070 spondit3
329 1017 407 1074 quae
445 997 617 1076 conjunctio
656 996 904 1056 uecessitudinem
934 1015 1037 1056 eorum

136 1075 255 1147 sanxit,
281 1075 517 1161 familiaritatem
539 1076 673 1136 reddidit
692 1076 931 1156 frequentiorem.

180 1153 267 1216 XX.
298 1157 448 1232 Quamvis
471 1167 543 1216 ante
566 1157 641 1216 haec
665 1157 816 1236 sponsalia
844 1177 903 1218 non
931 1156 1091 1230 solum,10

139 1253 213 1293 cum
233 1236 279 1296 ab
301 1237 376 1296 urbe
397 1237 521 1309 abesset,
542 1256 709 1317 numquam
732 1239 771 1298 ad
795 1257 916 1298 suorum
939 1257 1038 1316 quem-

140 1333 239 1392 quam
263 1316 378 1377 litteras
398 1318 489 1389 misit,
503 1318 578 1455 quin
599 1318 704 1377 Attico
724 1319 864 1390 mitteret,
880 1318 951 1396 quid
973 1338 1039 1396 age

142 1404 199 1468 ret,
221 1398 257 1456 in
282 1397 387 1476 primis
411 1397 485 1476 quid
522 1408 631 1476 egeret,
653 1398 821 1478 quibusque
848 1398 879 1456 iu
909 1398 981 1458 locis
1009 1408 1038 1458 et

142 1477 297 1554 quamdiu
321 1486 396 1537 esset
418 1487 607 1549 moraturus;
628 1480 679 1537 sed
700 1478 801 1550 etiam,
820 1499 889 1538 eum
912 1488 986 1538 esset
1006 1479 1038 1538 in

144 1556 224 1618 urbe
249 1567 281 1618 et
304 1567 428 1637 propter
450 1577 520 1618 suas
545 1558 678 1618 infinitas
705 1559 915 1638 occupationes
939 1559 1038 1619 minus
1053 1557 1091 1616 15

146 1655 249 1718 saepe,
263 1658 353 1718 quam
369 1638 472 1710 vellet,
486 1639 591 1698 Attico
612 1639 771 1712 frueretur,
792 1638 895 1699 nullus
915 1640 977 1700 dies
998 1649 1038 1700 te

147 1735 233 1778 mere
243 1719 418 1790 intercessit,
427 1739 488 1798 quo
501 1739 562 1778 non
576 1719 616 1778 ad
627 1739 696 1778 eum
707 1719 857 1791 scriberet,
869 1740 937 1779 cum
948 1721 1037 1780 modo

149 1798 269 1879 aliquid
291 1799 330 1858 de
350 1800 533 1878 antiquitate
555 1799 594 1859 ab
616 1819 651 1859 eo
674 1799 845 1878 requireret,
869 1799 957 1860 modo
984 1801 1037 1859 ali-

147 1897 242 1958 quam
266 1879 470 1959 quamtionem
498 1880 646 1958 poeticam
673 1887 861 1958 proponeret,
885 1880 1036 1940 interdum

152 1961 259 2038 jocans
282 1962 347 2040 ejus
368 1960 551 2022 verbosiores
573 1960 693 2020 eliceret
715 1960 863 2038 epistolas.
905 1960 956 2019 Ex
978 1981 1036 2039 quo
1052 1959 1090 2019 20

148 2041 269 2114 accidit,
290 2061 360 2100 oum
383 2041 466 2100 aedis
490 2040 578 2101 Jovis
602 2039 740 2112 Feretrii,
765 2040 797 2099 in
824 2040 974 2118 Capitolio
997 2041 1035 2101 ab

150 2121 282 2183 Romulo
302 2122 475 2193 constituta,
495 2129 645 2181 vetustate
664 2130 756 2200 atque
780 2121 897 2180 incuria
921 2121 1038 2181 detecta

149 2202 367 2281 prolaberetur,
381 2211 417 2261 ut
430 2201 529 2260 Attici
548 2201 706 2261 admonitu
728 2201 838 2260 Caesar
857 2221 924 2260 eam
945 2201 1037 2260 refici·

148 2283 258 2342 endam
282 2291 411 2343 curaret
452 2281 559 2360 Neque
580 2300 651 2343 vero
675 2301 693 2340 a
717 2280 761 2340 M.
782 2281 917 2342 Antonio
938 2281 1037 2341 minus

148 2363 254 2423 absens
275 2363 384 2423 litteris
404 2361 576 2433 colebatur;
603 2362 687 2434 adeo,
709 2371 743 2421 ut
766 2370 906 2422 accurate
926 2361 979 2421 ille
998 2381 1037 2422 ex
1052 2361 1089 2422 25

148 2443 265 2503 ultimis
286 2443 382 2515 terris,
396 2443 469 2521 quid
491 2451 601 2521 ageret,
615 2461 707 2501 curae
726 2441 782 2502 sibi
797 2441 921 2502 baberet
934 2442 1037 2502 certio·

148 2544 212 2583 rem
232 2524 332 2583 facere
344 2523 508 2594 Atticum.=
535 2521 605 2582 Hoc
626 2522 716 2600 quale
736 2523 783 2595 sit,
798 2521 917 2582 facilius
937 2522 1037 2582 existi-

147 2603 244 2663 mabit
258 2604 293 2676 is,
307 2603 360 2682 qui
376 2602 516 2681 judicare
529 2603 648 2743 pqterit,
663 2612 794 2682 quantae
814 2602 853 2662 sit
873 2602 1036 2681 sapientiae

147 2704 251 2744 eorum
273 2683 402 2743 retinere
422 2703 510 2742 usum
569 2681 840 2762 nevoleutiamque,
861 2683 939 2742 inter
963 2702 1036 2760 quos

147 2765 354 2824 maximarum
379 2783 480 2822 rerum
508 2783 568 2822 non
596 2763 694 2822 solum
718 2763 891 2836 aemulatio,
911 2763 962 2822 sed
986 2763 1036 2823 ob
1050 2761 1089 2822 30

146 2844 287 2904 tractatio
306 2852 394 2903 tanta
415 2842 629 2914 intercedebat,
652 2852 797 2921 quantam
823 2842 882 2902 fuit
905 2843 1036 2902 incidere

44 2971 46 2975 .
146 2945 265 2985 necesse
292 2923 373 2982 inter
400 2921 558 2982 Caesarem
586 2932 679 3001 atque
705 2922 885 2994 Antonium,
910 2943 978 2982 curn
1006 2945 1036 2982 se

146 3015 274 3083 uterquc
287 3003 455 3083 principem
470 3023 530 3062 non
544 3001 643 3062 solum
657 3001 740 3062 urbis
755 3003 879 3074 Romae,
891 3002 943 3061 sed
957 3002 1036 3062 orbis

146 3094 297 3146 terrarum
312 3104 374 3143 esse
387 3092 517 3160 cuperet.

187 3163 285 3224 XXI.
300 3163 370 3223 Tali
384 3162 473 3221 modo
484 3183 552 3222 cum
566 3170 682 3238 septem
695 3169 725 3221 et
738 3160 931 3240 septuaginta
944 3181 1037 3221 annos
1051 3159 1089 3220 35

148 3245 334 3323 complesset,
348 3252 440 3320 atque
460 3241 499 3300 ad
520 3250 688 3300 extremam
701 3250 884 3298 senectutem
904 3261 965 3298 non
985 3241 1038 3296 mi·

38 3391 42 3399 ,
148 3345 205 3384 uus
219 3324 370 3401 dignitate
384 3341 476 3398 quam
490 3320 590 3397 gratia
603 3318 784 3391 fortunaque
795 3317 934 3373 crevisset
949 3316 1039 3384 (mul-

150 3414 195 3464 tas
216 3405 297 3462 euim
319 3401 500 3459 hereditates
521 3396 608 3454 nulla
623 3393 684 3450 alia
698 3412 730 3449 re
743 3397 835 3465 qua'm
850 3389 983 3446 bonitate
998 3398 1040 3446 est

152 3485 354 3556 consecutus),
369 3487 515 3553 tantaque
529 3470 728 3550 prosperitate
749 3484 819 3522 usus
839 3473 914 3519 esset
926 3464 1041 3520 valetu-

153 3563 239 3634 dinis,
261 3571 297 3618 ut
324 3557 413 3617 anuis
440 3555 567 3629 triginta
594 3545 744 3603 medicina
770 3558 831 3594 non
858 3537 1041 3607 indiguisset,
1056 3529 1094 3584 40
