2475 3792
163 273 206 336 90
439 289 653 334 connnnn
683 288 877 335 unrorrs

215 445 341 526 pedibus
371 466 437 524 Jam
464 465 524 504 non
553 454 668 506 valeret
695 445 895 524 vehiculoque
922 453 1099 524 portaretur,

214 526 317 604 magni
339 546 499 586 concursus
521 534 591 585 sunt
613 526 694 598 facti,
712 546 781 586 cum
803 524 866 598 elii,
881 526 1101 585 reminiscentes

214 606 324 667 veteris
337 605 444 677 famae,
459 605 566 666 aetatis
581 607 809 676 misererentur;
831 605 957 683 plurimi
971 626 1043 666 vero
1056 606 1104 666 ira

214 695 433 746 exacuerentur
446 694 570 764 propter
583 686 761 764 proditionis
777 685 978 763 suspicionem
993 685 1104 759 Piraei,

181 765 406 844 5maximeque
430 765 511 844 quod
535 765 679 825 adversus
702 765 809 844 populi
829 765 989 825 commoda
1009 766 1043 824 in
1062 786 1105 825 se·

213 855 334 906 nectute
348 855 478 906 steterat.
521 845 593 921 Qua
607 846 645 905 de
659 866 691 905 re
704 866 742 905 ne
756 845 918 926 perorandi
931 846 1056 924 quidem
1076 846 1105 906 ei

214 927 286 986 data
307 935 352 986 est
373 925 502 986 facultas
524 935 554 985 et
576 926 696 984 dicendi
709 946 840 986 causam.
882 924 960 984 Inde
977 926 1105 1004 judicio,

213 1006 356 1084 legitimis
370 1005 551 1098 quibusdam
573 1005 724 1081 conlectis,
739 1005 901 1065 damnatus
914 1005 1047 1064 traditus
1060 1015 1107 1065 est

213 1086 435 1158 undecimvrris‚
457 1085 565 1165 quibus
593 1086 633 1145 ad
660 1085 844 1164 supplicium
871 1105 954 1145 more
975 1085 1107 1144 Atheni-

161 1167 199 1227 10
214 1167 329 1225 ensium
349 1165 471 1245 publice
485 1166 621 1225 damnati
641 1165 722 1224 tradi
742 1167 847 1226 solent
887 1165 952 1225 Hic
972 1185 1044 1225 eum
1065 1166 1107 1225 ad

213 1256 339 1305 mortem
354 1246 522 1318 duceretur,
538 1246 645 1306 obvius
658 1246 686 1304 ei
700 1245 759 1306 fuit
773 1245 965 1324 Euphiletus,
981 1266 1042 1324 quo
1063 1246 1109 1306 fa-

212 1326 372 1386 miliariter
393 1325 491 1386 fuerat
515 1347 594 1385 usus.
636 1325 668 1385 ls
688 1346 758 1385 oum
778 1325 942 1386 lacrimans
960 1325 1106 1387 dixisset:

213 1405 270 1466 “O
292 1426 384 1485 quam
407 1405 532 1484 indigna
554 1406 726 1485 perpeteris,
744 1405 895 1466 Phocionl
908 1405 925 1432 ’'
946 1405 1021 1466 huic
1042 1406 1106 1481 ille,

213 1485 285 1546 “At
312 1505 373 1545 non
396 1485 580 1564 inopinata,'’
605 1486 721 1565 inquit;
749 1486 858 1546 “huno
881 1486 964 1546 enim
985 1486 1106 1546 exitum

159 1565 198 1627 15
213 1565 349 1645 plerique
363 1565 439 1626 clari
452 1566 512 1627 viri
528 1565 702 1626 habuemnt
714 1564 943 1626 Athenienses.''
985 1565 1026 1625 In
1047 1566 1106 1626 hoc

212 1655 333 1705 tantum
353 1645 413 1706 fuit
434 1646 537 1705 odium
560 1646 774 1718 multitudinis,
788 1656 824 1705 ut
843 1646 932 1707 nemo
952 1667 1047 1707 ausus
1066 1647 1106 1708 sit

212 1745 282 1786 eum
296 1725 373 1786 liber
385 1725 519 1806 sepelire.
561 1725 669 1806 Itaque
682 1746 702 1787 a
714 1727 808 1788 servis
821 1725 958 1806 sepultus
968 1735 1023 1787 est

517 1977 793 1992 m

427 2163 516 2237 XX.
554 2164 877 2238 TIMOLEON.

551 2327 765 2370 -οοἉζοο-

161 2496 163 2500 .
251 2446 276 2508 Ι.
297 2446 473 2510 'lhuonnort
483 2447 666 2510 Corinthius.
707 2450 882 2512 Sineduhio
895 2471 1026 2531 magnus
1040 2475 1100 2516 om·

210 2527 297 2587 nium
306 2529 423 2608 judicio
436 2528 486 2589 hio
496 2529 545 2590 vir
559 2531 683 2590 exstitit
725 2530 866 2610 Namque
876 2532 948 2592 huic
962 2534 1018 2593 uni
1032 2555 1100 2595 oon-

158 2608 289 2686 tetigit,
303 2607 384 2686 quod
398 2609 496 2669 nescio
510 2630 550 2669 an
564 2610 631 2683 ulli,
645 2619 680 2670 ut
700 2620 730 2671 et
750 2613 891 2690 patriam,
904 2613 938 2672 in
952 2633 1014 2692 qua
1033 2624 1099 2676 erat

210 2697 308 2761 natus,
322 2708 493 2766 oppressam
508 2710 527 2748 a
540 2699 671 2768 tyranno
691 2690 842 2764 liberaret,
857 2701 887 2752 et
900 2713 919 2752 a
933 2692 1097 2772 Syracusis,

232 2767 320 2827 uibus
342 2768 457 2828 auxilio
480 2778 546 2829 erat
567 2771 683 2844 missus,
699 2771 900 2831 inveteratam
921 2773 1097 2835 servitutem

211 2789 383 2926 depelleret,
408 2856 562 2928 totamque
589 2849 734 2924 Siciliam,
758 2853 870 2912 multos
894 2873 989 2912 annos
1018 2853 1096 2916 bello

210 2935 353 2988 vexatam
377 2947 397 2988 a
417 2927 613 3008 barbarisque
633 2951 815 3009 oppressam,
835 2952 889 2993 suo
910 2933 1045 2994 adventu
1065 2936 1096 2994 in

156 3007 196 3067 25
210 3007 371 3086 pristinum
393 3009 569 3070 restitueret.
610 3009 669 3070 Sed
684 3010 716 3069 in
730 3011 777 3072 his
790 3013 879 3073 rebus
892 3033 953 3073 non
966 3014 1095 3094 simplici

209 3087 332 3146 fortuna
346 3087 535 3148 conflictatus
549 3098 593 3150 est
607 3099 646 3162 et,
657 3090 690 3150 id
700 3092 781 3170 quod
795 3093 947 3153 difficilius
962 3104 1093 3172 putatur,

209 3165 306 3225 multo
319 3167 483 3243 sapientius
497 3169 569 3229 tulit
581 3170 744 3230 secundam
757 3193 850 3250 quam
867 3175 1025 3236 adversam
1039 3176 1094 3236 for-

208 3252 324 3303 tunam.
365 3245 447 3304 Nam
469 3267 537 3306 cum
560 3248 668 3309 frater‘
676 3252 739 3329 ejus
760 3252 972 3332 Timophanes,
993 3256 1057 3315 dux
1077 3278 1095 3318 a

209 3321 372 3382 Corinthiis
386 3324 527 3398 delectus,
542 3329 735 3406 tyrannidem
749 3351 804 3409 per
816 3334 927 3394 milites
946 3356 1094 3398 mercena-

155 3399 194 3459 30
208 3400 266 3459 rios
277 3413 450 3492 occupasset
462 3406 671 3486 particepsque
685 3411 771 3489 regni
784 3423 882 3490 posset
895 3435 965 3488 asse,
976 3425 1094 3478 tantum

208 3478 306 3538 abfuit
332 3501 352 3539 a
377 3483 519 3544 societate
544 3487 672 3560 sceleris,
699 3500 734 3550 ut
764 3494 941 3555 antetulerit
973 3516 1094 3559 suorum
