2475 3792
149 221 192 287 78
425 233 639 281 connnnrr
669 233 862 281 unrorrs.

203 393 256 473 qui
271 400 409 471 expertes
430 397 516 451 erant
536 389 663 462 consilii,
677 409 865 451 commovere
884 410 916 450 se
936 411 999 451 non
1016 401 1086 454 sunt

203 474 267 533 ausi
282 493 376 551 eoque
389 471 540 545 libentius,
555 470 636 551 quod
649 470 745 530 latere
758 470 997 546 arbitrabantur,
1010 493 1086 553 quae

203 574 237 613 co
258 553 379 612 itarant.

237 575 317 694 gVII.
339 632 410 691 Sine
424 631 516 691 dubio
537 639 605 710 post
625 629 818 690 Leuctricam
838 651 974 710 pugnam
995 631 1086 693 Lace·

168 712 352 776 bdaemonii
374 732 406 770 se
428 725 595 791 numquam
618 712 786 771 refecerunt
806 731 903 789 neque
924 712 1086 790 pristinum

201 792 362 871 imperium
383 800 609 870 recuperarunt,
624 812 693 851 cum
709 791 830 851 interim
844 790 1007 870 Agesilaus
1027 814 1086 853 non

201 872 324 944 destitit,
338 871 576 951 quibuscumque
596 871 685 931 rebus
699 880 806 951 posset,
819 872 951 950 patriam
968 873 1085 952 juvare.

200 953 231 1013 N
233 974 282 1013 am
297 972 366 1012 cum
380 951 541 1030 praecipue
555 950 787 1012 Lacedaemonii
808 950 980 1030 indigerent
1000 973 1086 1031 pecu-

200 1033 261 1106 nia,
284 1032 336 1092 ille
358 1031 505 1109 omnibus,
528 1032 581 1110 qui
603 1053 623 1091 a
644 1052 714 1110 rege
734 1031 915 1105 defecerant,
936 1033 1087 1110 praesidio

148 1112 187 1175 10
201 1113 277 1184 fuit;
291 1133 310 1172 a
321 1111 430 1191 quibus
444 1132 554 1190 magna
568 1111 698 1171 donatus
708 1111 837 1190 pecunia
847 1112 980 1190 patriam
990 1113 1087 1173 suble·

200 1193 293 1255 vavit.
335 1191 438 1271 Atque
451 1192 483 1250 in
497 1191 554 1252 hoc
567 1190 647 1251 illud
660 1191 693 1251 in
706 1191 811 1270 primis
825 1191 883 1251 fuit
896 1192 1087 1266 admirabile,

201 1293 270 1334 cum
283 1272 418 1332 maxima
432 1291 558 1332 munera
580 1271 608 1331 61
630 1271 669 1331 ab
688 1271 809 1350 regibus
822 1279 852 1331 et
866 1271 1003 1350 dynastis
1014 1275 1087 1335 civi·

200 1353 372 1432 tatibusque
386 1351 601 1424 conferrentur,
614 1351 696 1430 quod
710 1352 787 1411 nihil
801 1372 946 1431 umquam
962 1353 1086 1413 domum

200 1454 286 1494 suam
301 1432 437 1507 contulit,
451 1432 530 1490 nihil
550 1432 695 1504 deviem,
709 1432 787 1491 nihil
808 1426 846 1491 de
859 1433 971 1493 vestitu
992 1433 1087 1494 Laco

147 1514 187 1576 lb
200 1535 274 1573 num
300 1513 438 1573 mutavit.
488 1511 588 1572 Domo
616 1512 721 1572 eadem
748 1512 808 1572 fuit
834 1522 1001 1586 contentus,
1026 1535 1087 1594 qua

200 1593 414 1673 Eurysthenes,
443 1593 616 1671 progenitor
649 1593 799 1671 majorum
825 1613 957 1666 suorum,
985 1593 1086 1654 fuerat

186 1694 287 1734 usus:
309 1693 400 1753 quam
420 1673 473 1751 qui
493 1673 633 1746 intrarat,
655 1672 776 1732 nullum
797 1672 917 1751 signum
939 1673 1085 1747 libidinis,

199 1754 319 1814 nullum
340 1752 480 1812 luxuriae
493 1753 596 1814 videre
610 1761 747 1831 poterat;
768 1762 873 1813 contra
893 1773 930 1812 ea
951 1754 1085 1833 plurima

198 1834 361 1915 patientiae
388 1842 480 1912 atque
507 1833 715 1893 abstinentiae.
764 1832 814 1893 Sic
841 1833 922 1893 enim
949 1843 1016 1894 erat
1043 1835 1085 1893 in·

144 1917 185 1980 20
198 1923 321 1988 structa,
336 1923 371 1974 ut
390 1913 478 1973 nulla
491 1913 523 1972 iu
538 1933 570 1973 re
583 1914 717 1974 differret
731 1913 862 1993 cujusvis
875 1913 974 1994 inopis
993 1924 1085 1996 atque

198 1994 320 2076 privati.

238 2073 331 2136 VIII.
352 2071 456 2152 Atque
468 2073 518 2133 hic
533 2083 636 2134 tantus
648 2073 706 2148 vir,
719 2083 755 2135 ut
769 2083 910 2141 naturam
925 2073 1084 2136 fautricem

197 2154 346 2214 habuerat
356 2155 387 2212 in
398 2154 565 2214 tribuendis
575 2155 670 2214 animi
678 2155 851 2228 virtutibus,
862 2155 904 2215 sic
915 2156 1083 2217 maleficam

197 2244 304 2295 nactus
317 2243 361 2294 est
374 2235 406 2292 in
420 2255 544 2313 corpore
564 2235 714 2314 fingendo.
755 2235 837 2294 Nam
850 2244 881 2295 et
894 2245 1012 2296 statura
1025 2238 1084 2297 fuit

144 2316 183 2376 25
197 2315 315 2387 humili,
337 2323 367 2374 et
391 2335 514 2393 corpore
537 2315 657 2393 exiguo,
677 2324 708 2375 61
732 2315 858 2375 claudus
882 2315 978 2376 altero
999 2317 1083 2395 pede.

198 2395 287 2472 Quae
307 2415 353 2454 ros
373 2395 464 2454 etiam
485 2395 665 2455 nonnullam
686 2395 830 2455 afferebat
844 2395 1083 2470 deformitatem

143 2472 149 2484 “
197 2485 287 2555 atque
301 2474 396 2553 ignoti
410 2474 517 2534 faeiem
531 2476 594 2554 ejus
614 2495 684 2536 cum
704 2476 902 2549 intuerentur,
916 2485 1085 2537 contemne·

197 2555 289 2627 bant;
316 2555 370 2633 qui
398 2564 500 2614 autem
524 2555 652 2617 virtutes
676 2565 832 2629 noverant,
856 2576 917 2616 non
944 2566 1085 2634 poteraut

197 2635 342 2695 admirari
363 2634 444 2694 satis.
487 2635 579 2712 Quod
602 2635 630 2695 ei
651 2657 708 2695 usu
729 2637 822 2710 venit,
842 2657 911 2697 cum
933 2657 1084 2697 annorum

143 2716 183 2780 30
197 2715 349 2794 octoginta
370 2715 503 2774 subsidio
525 2714 628 2776 Tacho
650 2716 682 2775 in
701 2714 878 2796 Aegyptum
900 2716 978 2789 isset,
999 2726 1030 2777 et
1051 2719 1083 2776 in

198 2806 266 2856 acta
280 2815 349 2854 cum
363 2795 424 2854 suis
437 2795 625 2856 accubuisset
637 2796 702 2856 sine
716 2797 779 2857 ullo
793 2806 881 2870 tecto,
894 2806 1084 2878 stratumque

199 2876 324 2935 haberet
345 2875 415 2948 tale,
428 2883 465 2935 ut
483 2884 565 2936 terra
587 2884 668 2936 tecta
688 2885 764 2936 esset
785 2877 965 2950 stramentis,
985 2898 1084 2958 neque

197 2955 258 3016 huc
285 2955 416 3034 amplius
443 2976 535 3035 quam
562 2956 650 3036 pellis
676 2966 752 3017 esset
779 2957 898 3036 injecta,
919 2957 1083 3037 eodemque

198 3035 320 3095 comites
347 3055 449 3094 omnes
476 3035 686 3096 accubuissent
712 3037 824 3098 vestitu
855 3036 964 3095 humili
992 3048 1083 3117 atque

142 3115 183 3177 35
198 3114 339 3184 obsoleto,
353 3123 388 3174 ut
408 3136 512 3175 eorum
526 3125 650 3176 ornatus
670 3136 731 3176 non
751 3117 841 3176 modo
860 3117 893 3175 in
914 3117 962 3176 his
982 3138 1082 3196 regem

195 3195 346 3253 neminem
372 3195 563 3273 significaret,
590 3195 643 3255 sed
673 3196 803 3256 hominis
830 3217 891 3256 non
920 3196 1081 3257 beatissimi

196 3273 395 3350 suspicionem
429 3274 593 3352 praeberet.
642 3274 746 3354 Hujus
773 3276 811 3334 de
838 3276 973 3337 adventu
1000 3278 1082 3337 fama

197 3371 266 3411 cum
290 3351 330 3410 ad
354 3352 450 3430 regios
477 3362 552 3412 esset
578 3354 706 3433 perlata,
730 3354 867 3415 celeriter
893 3377 1021 3416 munera
1047 3377 1082 3417 66

195 3431 340 3510 cujusque
372 3431 490 3512 generis
522 3441 595 3494 sunt
626 3434 732 3495 allata.
780 3433 843 3495 His
869 3436 1083 3515 quaerentibus
