<?xml version="1.0" encoding="UTF-8"?>
<!DOCTYPE html PUBLIC "-//W3C//DTD XHTML 1.0 Transitional//EN"
    "http://www.w3.org/TR/xhtml1/DTD/xhtml1-transitional.dtd">
<html xmlns="http://www.w3.org/1999/xhtml" xml:lang="en" lang="en">
 <head>
  <title>
</title>
<meta http-equiv="Content-Type" content="text/html;charset=utf-8" />
  <meta name='ocr-system' content='tesseract 3.04.00' />
  <meta name='ocr-capabilities' content='ocr_page ocr_carea ocr_par ocr_line ocrx_word'/>
</head>
<body>
  <div class='ocr_page' id='page_1' title='image "./corneliinepotis27nepogoog_0117.png"; bbox 0 0 2475 3792; ppageno 0'>
   <div class='ocr_carea' id='block_1_1' title="bbox 184 257 905 348">
    <p class='ocr_par' dir='ltr' id='par_1_1' title="bbox 184 257 905 348">
     <span class='ocr_line' id='line_1_1' title="bbox 184 257 905 348; baseline -0.006 -27"><span class='ocrx_word' id='word_1_1' title='bbox 184 257 248 322; x_wconf 78' lang='lat'>112</span> <span class='ocrx_word' id='word_1_2' title='bbox 381 343 385 348; x_wconf 83' lang='lat'><em>.</em></span> <span class='ocrx_word' id='word_1_3' title='bbox 467 271 679 319; x_wconf 78' lang='lat' dir='ltr'>ooaannn</span> <span class='ocrx_word' id='word_1_4' title='bbox 710 269 905 318; x_wconf 74' lang='lat' dir='ltr'>naporrs.</span> 
     </span>
    </p>
   </div>
   <div class='ocr_carea' id='block_1_2' title="bbox 235 425 1114 748">
    <p class='ocr_par' dir='ltr' id='par_1_2' title="bbox 235 425 1114 748">
     <span class='ocr_line' id='line_1_2' title="bbox 236 425 1112 507; baseline -0.002 -18"><span class='ocrx_word' id='word_1_5' title='bbox 236 429 297 489; x_wconf 91' lang='lat' dir='ltr'>suis</span> <span class='ocrx_word' id='word_1_6' title='bbox 311 427 507 488; x_wconf 84' lang='lat' dir='ltr'>facultatibus</span> <span class='ocrx_word' id='word_1_7' title='bbox 522 428 566 487; x_wconf 90' lang='lat' dir='ltr'>uti</span> <span class='ocrx_word' id='word_1_8' title='bbox 579 427 732 499; x_wconf 83' lang='lat' dir='ltr'>voluisset,</span> <span class='ocrx_word' id='word_1_9' title='bbox 747 445 881 498; x_wconf 88' lang='lat' dir='ltr'>usurum,</span> <span class='ocrx_word' id='word_1_10' title='bbox 896 435 1043 507; x_wconf 91' lang='lat' dir='ltr'>quantum</span> <span class='ocrx_word' id='word_1_11' title='bbox 1061 425 1112 487; x_wconf 87' lang='lat' dir='ltr'>hae</span> 
     </span>
     <span class='ocr_line' id='line_1_3' title="bbox 235 507 1113 588; baseline -0.003 -19"><span class='ocrx_word' id='word_1_12' title='bbox 235 519 427 588; x_wconf 87' lang='lat' dir='ltr'>paterentnr;</span> <span class='ocrx_word' id='word_1_13' title='bbox 448 529 478 567; x_wconf 89' lang='lat' dir='ltr'>se</span> <span class='ocrx_word' id='word_1_14' title='bbox 496 528 593 587; x_wconf 90' lang='lat' dir='ltr'>neque</span> <span class='ocrx_word' id='word_1_15' title='bbox 606 527 675 566; x_wconf 91' lang='lat' dir='ltr'>cum</span> <span class='ocrx_word' id='word_1_16' title='bbox 690 525 842 585; x_wconf 88' lang='lat' dir='ltr'>quoquam</span> <span class='ocrx_word' id='word_1_17' title='bbox 865 507 902 566; x_wconf 88' lang='lat' dir='ltr'>de</span> <span class='ocrx_word' id='word_1_18' title='bbox 925 528 961 565; x_wconf 89' lang='lat' dir='ltr'>ea</span> <span class='ocrx_word' id='word_1_19' title='bbox 982 527 1014 567; x_wconf 87' lang='lat' dir='ltr'>re</span> <span class='ocrx_word' id='word_1_20' title='bbox 1033 507 1113 566; x_wconf 85' lang='lat' dir='ltr'>eollo</span> 
     </span>
     <span class='ocr_line' id='line_1_4' title="bbox 236 586 1113 667; baseline -0.002 -19"><span class='ocrx_word' id='word_1_21' title='bbox 236 599 378 649; x_wconf 91' lang='lat' dir='ltr'>cutnrum</span> <span class='ocrx_word' id='word_1_22' title='bbox 398 609 495 667; x_wconf 88' lang='lat' dir='ltr'>neque</span> <span class='ocrx_word' id='word_1_23' title='bbox 515 590 673 648; x_wconf 90' lang='lat' dir='ltr'>coitnrum.</span> <span class='ocrx_word' id='word_1_24' title='bbox 716 587 765 645; x_wconf 67' lang='lat' dir='ltr'>Sic</span> <span class='ocrx_word' id='word_1_25' title='bbox 780 586 832 644; x_wconf 92' lang='lat' dir='ltr'>ille</span> <span class='ocrx_word' id='word_1_26' title='bbox 847 587 1046 646; x_wconf 82' lang='lat' dir='ltr'>consensionis</span> <span class='ocrx_word' id='word_1_27' title='bbox 1059 587 1113 664; x_wconf 85' lang='lat' dir='ltr'>glo</span> 
     </span>
     <span class='ocr_line' id='line_1_5' title="bbox 235 665 1114 748; baseline -0.003 -19"><span class='ocrx_word' id='word_1_28' title='bbox 235 669 292 729; x_wconf 94' lang='lat' dir='ltr'>bus</span> <span class='ocrx_word' id='word_1_29' title='bbox 317 669 405 748; x_wconf 91' lang='lat' dir='ltr'>hujus</span> <span class='ocrx_word' id='word_1_30' title='bbox 428 669 517 727; x_wconf 89' lang='lat' dir='ltr'>unius</span> <span class='ocrx_word' id='word_1_31' title='bbox 545 667 725 726; x_wconf 83' lang='lat' dir='ltr'>dissensione</span> <span class='ocrx_word' id='word_1_32' title='bbox 752 667 892 744; x_wconf 89' lang='lat' dir='ltr'>disjectus</span> <span class='ocrx_word' id='word_1_33' title='bbox 921 675 974 724; x_wconf 88' lang='lat' dir='ltr'>est.</span> <span class='ocrx_word' id='word_1_34' title='bbox 1016 665 1114 744; x_wconf 85' lang='lat' dir='ltr'>Neque</span> 
     </span>
    </p>
   </div>
   <div class='ocr_carea' id='block_1_3' title="bbox 202 746 1221 906">
    <p class='ocr_par' dir='ltr' id='par_1_3' title="bbox 202 746 1221 906">
     <span class='ocr_line' id='line_1_6' title="bbox 202 746 1221 827; baseline -0.006 -18"><span class='ocrx_word' id='word_1_35' title='bbox 202 751 222 810; x_wconf 80' lang='lat'>5</span> <span class='ocrx_word' id='word_1_36' title='bbox 236 749 332 809; x_wconf 92' lang='lat' dir='ltr'>multo</span> <span class='ocrx_word' id='word_1_37' title='bbox 347 758 413 827; x_wconf 90' lang='lat' dir='ltr'>post</span> <span class='ocrx_word' id='word_1_38' title='bbox 426 749 561 826; x_wconf 88' lang='lat' dir='ltr'>superior</span> <span class='ocrx_word' id='word_1_39' title='bbox 575 767 636 806; x_wconf 92' lang='lat' dir='ltr'>esse</span> <span class='ocrx_word' id='word_1_40' title='bbox 651 746 748 825; x_wconf 87' lang='lat' dir='ltr'>coepit</span> <span class='ocrx_word' id='word_1_41' title='bbox 762 746 924 818; x_wconf 90' lang='lat' dir='ltr'>Antonius,</span> <span class='ocrx_word' id='word_1_42' title='bbox 940 746 983 805; x_wconf 89' lang='lat' dir='ltr'>ita</span> <span class='ocrx_word' id='word_1_43' title='bbox 998 755 1032 804; x_wconf 92' lang='lat' dir='ltr'>ut</span> <span class='ocrx_word' id='word_1_44' title='bbox 1046 746 1114 804; x_wconf 92' lang='lat' dir='ltr'>Bru-</span> <span class='ocrx_word' id='word_1_45' title='bbox 1220 777 1221 788; x_wconf 31' lang='grc' dir='ltr'><strong>κ</strong></span> 
     </span>
     <span class='ocr_line' id='line_1_7' title="bbox 235 823 1221 906; baseline -0.005 -17"><span class='ocrx_word' id='word_1_46' title='bbox 235 838 284 889; x_wconf 89' lang='lat' dir='ltr'>tus</span> <span class='ocrx_word' id='word_1_47' title='bbox 309 838 339 889; x_wconf 90' lang='lat' dir='ltr'>et</span> <span class='ocrx_word' id='word_1_48' title='bbox 362 829 490 900; x_wconf 81' lang='lat' dir='ltr'>Cassius,</span> <span class='ocrx_word' id='word_1_49' title='bbox 511 827 744 906; x_wconf 81' lang='lat' dir='ltr'>provinciarum,</span> <span class='ocrx_word' id='word_1_50' title='bbox 765 847 842 905; x_wconf 89' lang='lat' dir='ltr'>quae</span> <span class='ocrx_word' id='word_1_51' title='bbox 867 827 903 885; x_wconf 91' lang='lat' dir='ltr'>iis</span> <span class='ocrx_word' id='word_1_52' title='bbox 926 827 1008 885; x_wconf 88' lang='lat' dir='ltr'>neeis</span> <span class='ocrx_word' id='word_1_53' title='bbox 1032 846 1116 885; x_wconf 88' lang='lat' dir='ltr'>eausa</span> <span class='ocrx_word' id='word_1_54' title='bbox 1220 823 1221 828; x_wconf 64' lang='grc'>’</span> 
     </span>
    </p>
   </div>
   <div class='ocr_carea' id='block_1_4' title="bbox 234 906 1116 1144">
    <p class='ocr_par' dir='ltr' id='par_1_4' title="bbox 234 906 1116 1144">
     <span class='ocr_line' id='line_1_8' title="bbox 235 906 1116 985; baseline -0.006 -16"><span class='ocrx_word' id='word_1_55' title='bbox 235 909 325 969; x_wconf 89' lang='lat' dir='ltr'>datae</span> <span class='ocrx_word' id='word_1_56' title='bbox 338 918 424 968; x_wconf 92' lang='lat' dir='ltr'>erant</span> <span class='ocrx_word' id='word_1_57' title='bbox 446 929 465 967; x_wconf 92' lang='lat' dir='ltr'>a</span> <span class='ocrx_word' id='word_1_58' title='bbox 486 908 616 979; x_wconf 87' lang='lat' dir='ltr'>consule,</span> <span class='ocrx_word' id='word_1_59' title='bbox 631 907 794 985; x_wconf 88' lang='lat' dir='ltr'>desperatis</span> <span class='ocrx_word' id='word_1_60' title='bbox 814 906 911 978; x_wconf 89' lang='lat' dir='ltr'>rebus,</span> <span class='ocrx_word' id='word_1_61' title='bbox 926 906 958 964; x_wconf 93' lang='lat' dir='ltr'>in</span> <span class='ocrx_word' id='word_1_62' title='bbox 980 906 1116 970; x_wconf 79' lang='lat' dir='ltr'>exsilium</span> 
     </span>
     <span class='ocr_line' id='line_1_9' title="bbox 234 985 1116 1069; baseline -0.005 -21"><span class='ocrx_word' id='word_1_63' title='bbox 234 989 501 1069; x_wconf 85' lang='lat' dir='ltr'>proficiscerentur.</span> <span class='ocrx_word' id='word_1_64' title='bbox 541 987 673 1059; x_wconf 85' lang='lat' dir='ltr'>Atticus,</span> <span class='ocrx_word' id='word_1_65' title='bbox 688 987 740 1065; x_wconf 94' lang='lat' dir='ltr'>qui</span> <span class='ocrx_word' id='word_1_66' title='bbox 762 987 922 1064; x_wconf 88' lang='lat' dir='ltr'>pecuniam</span> <span class='ocrx_word' id='word_1_67' title='bbox 944 985 1036 1045; x_wconf 89' lang='lat' dir='ltr'>simul</span> <span class='ocrx_word' id='word_1_68' title='bbox 1052 1006 1116 1045; x_wconf 91' lang='lat' dir='ltr'>curn</span> 
     </span>
     <span class='ocr_line' id='line_1_10' title="bbox 234 1064 1116 1144; baseline -0.003 -15"><span class='ocrx_word' id='word_1_69' title='bbox 234 1069 340 1129; x_wconf 84' lang='lat' dir='ltr'>ceteris</span> <span class='ocrx_word' id='word_1_70' title='bbox 361 1069 495 1128; x_wconf 86' lang='lat' dir='ltr'>conferre</span> <span class='ocrx_word' id='word_1_71' title='bbox 519 1067 658 1127; x_wconf 91' lang='lat' dir='ltr'>noluerat</span> <span class='ocrx_word' id='word_1_72' title='bbox 680 1067 797 1125; x_wconf 90' lang='lat' dir='ltr'>florenti</span> <span class='ocrx_word' id='word_1_73' title='bbox 823 1066 870 1125; x_wconf 88' lang='lat' dir='ltr'>illi</span> <span class='ocrx_word' id='word_1_74' title='bbox 894 1067 984 1144; x_wconf 90' lang='lat' dir='ltr'>parti,</span> <span class='ocrx_word' id='word_1_75' title='bbox 1006 1064 1116 1144; x_wconf 86' lang='lat' dir='ltr'>abjecto</span> 
     </span>
    </p>
   </div>
   <div class='ocr_carea' id='block_1_5' title="bbox 181 1145 1222 1306">
    <p class='ocr_par' dir='ltr' id='par_1_5' title="bbox 181 1145 1222 1306">
     <span class='ocr_line' id='line_1_11' title="bbox 181 1145 1222 1226; baseline -0.005 -16"><span class='ocrx_word' id='word_1_76' title='bbox 181 1151 220 1212; x_wconf 91' lang='lat'>10</span> <span class='ocrx_word' id='word_1_77' title='bbox 234 1149 331 1210; x_wconf 93' lang='lat' dir='ltr'>Bruto</span> <span class='ocrx_word' id='word_1_78' title='bbox 353 1148 504 1226; x_wconf 81' lang='lat' dir='ltr'>Italiaque</span> <span class='ocrx_word' id='word_1_79' title='bbox 526 1147 643 1207; x_wconf 85' lang='lat' dir='ltr'>cedenti</span> <span class='ocrx_word' id='word_1_80' title='bbox 667 1146 724 1206; x_wconf 83' lang='lat' dir='ltr'>HS</span> <span class='ocrx_word' id='word_1_81' title='bbox 745 1155 866 1205; x_wconf 90' lang='lat' dir='ltr'>centum</span> <span class='ocrx_word' id='word_1_82' title='bbox 891 1147 976 1206; x_wconf 91' lang='lat' dir='ltr'>milia</span> <span class='ocrx_word' id='word_1_83' title='bbox 1004 1145 1117 1206; x_wconf 88' lang='lat' dir='ltr'>muneri</span> <span class='ocrx_word' id='word_1_84' title='bbox 1221 1201 1222 1222; x_wconf 68' lang='lat'>,</span> 
     </span>
     <span class='ocr_line' id='line_1_12' title="bbox 233 1226 1222 1306; baseline -0.005 -17"><span class='ocrx_word' id='word_1_85' title='bbox 233 1230 324 1290; x_wconf 81' lang='lat' dir='ltr'>misit.</span> <span class='ocrx_word' id='word_1_86' title='bbox 366 1228 475 1288; x_wconf 87' lang='lat' dir='ltr'>Eidem</span> <span class='ocrx_word' id='word_1_87' title='bbox 495 1227 527 1286; x_wconf 93' lang='lat' dir='ltr'>in</span> <span class='ocrx_word' id='word_1_88' title='bbox 548 1227 644 1306; x_wconf 88' lang='lat' dir='ltr'>Epiro</span> <span class='ocrx_word' id='word_1_89' title='bbox 661 1226 767 1286; x_wconf 88' lang='lat' dir='ltr'>absens</span> <span class='ocrx_word' id='word_1_90' title='bbox 781 1235 914 1286; x_wconf 89' lang='lat' dir='ltr'>trecenta</span> <span class='ocrx_word' id='word_1_91' title='bbox 931 1228 1022 1306; x_wconf 90' lang='lat' dir='ltr'>jussit</span> <span class='ocrx_word' id='word_1_92' title='bbox 1036 1227 1117 1298; x_wconf 89' lang='lat' dir='ltr'>dari;</span> <span class='ocrx_word' id='word_1_93' title='bbox 1221 1228 1222 1246; x_wconf 66' lang='lat'>¹</span> 
     </span>
    </p>
   </div>
   <div class='ocr_carea' id='block_1_6' title="bbox 181 1306 1119 1630">
    <p class='ocr_par' dir='ltr' id='par_1_6' title="bbox 233 1306 1119 1470">
     <span class='ocr_line' id='line_1_13' title="bbox 233 1306 1119 1390; baseline -0.005 -20"><span class='ocrx_word' id='word_1_94' title='bbox 233 1331 330 1390; x_wconf 90' lang='lat' dir='ltr'>neque</span> <span class='ocrx_word' id='word_1_95' title='bbox 343 1329 378 1370; x_wconf 94' lang='lat' dir='ltr'>eo</span> <span class='ocrx_word' id='word_1_96' title='bbox 394 1308 491 1388; x_wconf 89' lang='lat' dir='ltr'>magis</span> <span class='ocrx_word' id='word_1_97' title='bbox 510 1307 626 1387; x_wconf 89' lang='lat' dir='ltr'>potenti</span> <span class='ocrx_word' id='word_1_98' title='bbox 646 1306 788 1366; x_wconf 86' lang='lat' dir='ltr'>adulatus</span> <span class='ocrx_word' id='word_1_99' title='bbox 808 1316 852 1367; x_wconf 90' lang='lat' dir='ltr'>est</span> <span class='ocrx_word' id='word_1_100' title='bbox 866 1307 1012 1381; x_wconf 83' lang='lat' dir='ltr'>Antonio,</span> <span class='ocrx_word' id='word_1_101' title='bbox 1025 1327 1119 1387; x_wconf 89' lang='lat' dir='ltr'>neque</span> 
     </span>
     <span class='ocr_line' id='line_1_14' title="bbox 233 1389 1011 1470; baseline -0.013 -19"><span class='ocrx_word' id='word_1_102' title='bbox 233 1391 403 1470; x_wconf 87' lang='lat' dir='ltr'>desperatos</span> <span class='ocrx_word' id='word_1_103' title='bbox 417 1389 547 1467; x_wconf 73' lang='lat' dir='ltr'>reliquit.</span> <span class='ocrx_word' id='word_1_104' title='bbox 1006 1436 1011 1441; x_wconf 22' lang='grc' dir='ltr'><strong>Α</strong></span> 
     </span>
    </p>

    <p class='ocr_par' dir='ltr' id='par_1_7' title="bbox 274 1466 1118 1546">
     <span class='ocr_line' id='line_1_15' title="bbox 274 1466 1118 1546; baseline 0 -16"><span class='ocrx_word' id='word_1_105' title='bbox 274 1470 334 1530; x_wconf 87' lang='grc' dir='ltr'>ΙΧ.</span> <span class='ocrx_word' id='word_1_106' title='bbox 355 1470 497 1529; x_wconf 86' lang='lat' dir='ltr'>Secutum</span> <span class='ocrx_word' id='word_1_107' title='bbox 520 1476 564 1527; x_wconf 90' lang='lat' dir='ltr'>est</span> <span class='ocrx_word' id='word_1_108' title='bbox 586 1466 702 1527; x_wconf 92' lang='lat' dir='ltr'>bellum</span> <span class='ocrx_word' id='word_1_109' title='bbox 723 1476 839 1545; x_wconf 89' lang='lat' dir='ltr'>gestum</span> <span class='ocrx_word' id='word_1_110' title='bbox 859 1468 942 1546; x_wconf 91' lang='lat' dir='ltr'>apud</span> <span class='ocrx_word' id='word_1_111' title='bbox 957 1468 1118 1530; x_wconf 84' lang='lat' dir='ltr'>Mutinam.</span> 
     </span>
    </p>

    <p class='ocr_par' dir='ltr' id='par_1_8' title="bbox 181 1545 1117 1630">
     <span class='ocr_line' id='line_1_16' title="bbox 181 1545 1117 1630; baseline -0.005 -16"><span class='ocrx_word' id='word_1_112' title='bbox 181 1554 219 1614; x_wconf 78' lang='lat'>15</span> <span class='ocrx_word' id='word_1_113' title='bbox 232 1551 271 1612; x_wconf 94' lang='lat' dir='ltr'>In</span> <span class='ocrx_word' id='word_1_114' title='bbox 295 1571 354 1630; x_wconf 89' lang='lat' dir='ltr'>quo</span> <span class='ocrx_word' id='word_1_115' title='bbox 380 1549 407 1609; x_wconf 89' lang='lat' dir='ltr'>si</span> <span class='ocrx_word' id='word_1_116' title='bbox 434 1557 553 1608; x_wconf 88' lang='lat' dir='ltr'>tantum</span> <span class='ocrx_word' id='word_1_117' title='bbox 581 1545 651 1608; x_wconf 88' lang='lat' dir='ltr'>eum</span> <span class='ocrx_word' id='word_1_118' title='bbox 678 1547 856 1626; x_wconf 88' lang='lat' dir='ltr'>prudentem</span> <span class='ocrx_word' id='word_1_119' title='bbox 885 1548 994 1620; x_wconf 89' lang='lat' dir='ltr'>dicam,</span> <span class='ocrx_word' id='word_1_120' title='bbox 1019 1551 1117 1610; x_wconf 90' lang='lat' dir='ltr'>minus</span> 
     </span>
    </p>
   </div>
   <div class='ocr_carea' id='block_1_7' title="bbox 232 1627 1223 1712">
    <p class='ocr_par' dir='ltr' id='par_1_9' title="bbox 232 1627 1223 1712">
     <span class='ocr_line' id='line_1_17' title="bbox 232 1627 1223 1712; baseline -0.004 -20"><span class='ocrx_word' id='word_1_121' title='bbox 232 1653 324 1712; x_wconf 93' lang='lat' dir='ltr'>quam</span> <span class='ocrx_word' id='word_1_122' title='bbox 348 1630 483 1701; x_wconf 87' lang='lat' dir='ltr'>debeam,</span> <span class='ocrx_word' id='word_1_123' title='bbox 503 1628 684 1708; x_wconf 83' lang='lat' dir='ltr'>praedicem,</span> <span class='ocrx_word' id='word_1_124' title='bbox 704 1647 773 1688; x_wconf 87' lang='lat' dir='ltr'>oum</span> <span class='ocrx_word' id='word_1_125' title='bbox 797 1627 850 1687; x_wconf 93' lang='lat' dir='ltr'>ille</span> <span class='ocrx_word' id='word_1_126' title='bbox 874 1629 974 1707; x_wconf 89' lang='lat' dir='ltr'>potius</span> <span class='ocrx_word' id='word_1_127' title='bbox 999 1629 1119 1690; x_wconf 89' lang='lat' dir='ltr'>divinus</span> <span class='ocrx_word' id='word_1_128' title='bbox 1222 1669 1223 1680; x_wconf 37' lang='lat'>³</span> 
     </span>
    </p>
   </div>
   <div class='ocr_carea' id='block_1_8' title="bbox 174 1708 1119 3639">
    <p class='ocr_par' dir='ltr' id='par_1_10' title="bbox 174 1708 1119 3639">
     <span class='ocr_line' id='line_1_18' title="bbox 231 1708 1118 1789; baseline -0.002 -17"><span class='ocrx_word' id='word_1_129' title='bbox 231 1713 332 1787; x_wconf 80' lang='lat' dir='ltr'>tuerit,</span> <span class='ocrx_word' id='word_1_130' title='bbox 345 1712 372 1772; x_wconf 90' lang='lat' dir='ltr'>si</span> <span class='ocrx_word' id='word_1_131' title='bbox 391 1709 540 1772; x_wconf 87' lang='lat' dir='ltr'>divinatio</span> <span class='ocrx_word' id='word_1_132' title='bbox 554 1708 739 1789; x_wconf 88' lang='lat' dir='ltr'>appellanda</span> <span class='ocrx_word' id='word_1_133' title='bbox 752 1719 796 1770; x_wconf 91' lang='lat' dir='ltr'>est</span> <span class='ocrx_word' id='word_1_134' title='bbox 809 1719 956 1789; x_wconf 90' lang='lat' dir='ltr'>perpetua</span> <span class='ocrx_word' id='word_1_135' title='bbox 970 1711 1118 1770; x_wconf 87' lang='lat' dir='ltr'>naturalis</span> 
     </span>
     <span class='ocr_line' id='line_1_19' title="bbox 231 1788 1118 1870; baseline -0.003 -17"><span class='ocrx_word' id='word_1_136' title='bbox 231 1793 358 1866; x_wconf 85' lang='lat' dir='ltr'>bonitas,</span> <span class='ocrx_word' id='word_1_137' title='bbox 394 1812 450 1851; x_wconf 92' lang='lat' dir='ltr'>uae</span> <span class='ocrx_word' id='word_1_138' title='bbox 470 1791 563 1850; x_wconf 89' lang='lat' dir='ltr'>nullis</span> <span class='ocrx_word' id='word_1_139' title='bbox 584 1788 702 1850; x_wconf 86' lang='lat' dir='ltr'>casibus</span> <span class='ocrx_word' id='word_1_140' title='bbox 723 1811 819 1868; x_wconf 88' lang='lat' dir='ltr'>neque</span> <span class='ocrx_word' id='word_1_141' title='bbox 839 1810 857 1849; x_wconf 91' lang='lat' dir='ltr'>a</span> <span class='ocrx_word' id='word_1_142' title='bbox 879 1790 940 1850; x_wconf 93' lang='lat' dir='ltr'>itur</span> <span class='ocrx_word' id='word_1_143' title='bbox 954 1810 1054 1870; x_wconf 90' lang='lat' dir='ltr'>neque</span> <span class='ocrx_word' id='word_1_144' title='bbox 1068 1793 1118 1850; x_wconf 89' lang='lat' dir='ltr'>rni-</span> 
     </span>
     <span class='ocr_line' id='line_1_20' title="bbox 230 1811 1118 1951; baseline -0.002 -17"><span class='ocrx_word' id='word_1_145' title='bbox 230 1875 343 1934; x_wconf 90' lang='lat' dir='ltr'>nuitur.</span> <span class='ocrx_word' id='word_1_146' title='bbox 373 1814 490 1932; x_wconf 61' lang='lat' dir='ltr'>(llostis</span> <span class='ocrx_word' id='word_1_147' title='bbox 510 1871 664 1932; x_wconf 89' lang='lat' dir='ltr'>Antonius</span> <span class='ocrx_word' id='word_1_148' title='bbox 683 1871 837 1951; x_wconf 88' lang='lat' dir='ltr'>judicatus</span> <span class='ocrx_word' id='word_1_149' title='bbox 858 1811 954 1931; x_wconf 72' lang='lat' dir='ltr'>ltalia</span> <span class='ocrx_word' id='word_1_150' title='bbox 975 1883 1118 1944; x_wconf 57' lang='lat' dir='ltr'>cameram</span> 
     </span>
     <span class='ocr_line' id='line_1_21' title="bbox 178 1953 1117 2035; baseline -0.003 -17"><span class='ocrx_word' id='word_1_151' title='bbox 178 1957 217 2018; x_wconf 81' lang='lat'>20</span> <span class='ocrx_word' id='word_1_152' title='bbox 230 1975 296 2035; x_wconf 89' lang='lat' dir='ltr'>spes</span> <span class='ocrx_word' id='word_1_153' title='bbox 311 1953 486 2014; x_wconf 88' lang='lat' dir='ltr'>restituendi</span> <span class='ocrx_word' id='word_1_154' title='bbox 500 1953 587 2012; x_wconf 90' lang='lat' dir='ltr'>nulla</span> <span class='ocrx_word' id='word_1_155' title='bbox 600 1962 674 2012; x_wconf 89' lang='lat' dir='ltr'>erat.</span> <span class='ocrx_word' id='word_1_156' title='bbox 716 1953 786 2013; x_wconf 92' lang='lat' dir='ltr'>Non</span> <span class='ocrx_word' id='word_1_157' title='bbox 807 1953 904 2012; x_wconf 89' lang='lat' dir='ltr'>solum</span> <span class='ocrx_word' id='word_1_158' title='bbox 925 1954 1052 2029; x_wconf 88' lang='lat' dir='ltr'>inimici,</span> <span class='ocrx_word' id='word_1_159' title='bbox 1067 1956 1117 2035; x_wconf 92' lang='lat' dir='ltr'>qui</span> 
     </span>
     <span class='ocr_line' id='line_1_22' title="bbox 230 2032 1117 2114; baseline 0 -18"><span class='ocrx_word' id='word_1_160' title='bbox 230 2046 296 2096; x_wconf 89' lang='lat' dir='ltr'>turn</span> <span class='ocrx_word' id='word_1_161' title='bbox 317 2042 404 2095; x_wconf 89' lang='lat' dir='ltr'>erant</span> <span class='ocrx_word' id='word_1_162' title='bbox 418 2033 615 2113; x_wconf 86' lang='lat' dir='ltr'>potentissimi</span> <span class='ocrx_word' id='word_1_163' title='bbox 629 2042 659 2092; x_wconf 91' lang='lat' dir='ltr'>et</span> <span class='ocrx_word' id='word_1_164' title='bbox 673 2032 807 2112; x_wconf 92' lang='lat' dir='ltr'>plurimi,</span> <span class='ocrx_word' id='word_1_165' title='bbox 821 2034 872 2093; x_wconf 89' lang='lat' dir='ltr'>sed</span> <span class='ocrx_word' id='word_1_166' title='bbox 887 2034 978 2094; x_wconf 90' lang='lat' dir='ltr'>etiam</span> <span class='ocrx_word' id='word_1_167' title='bbox 993 2037 1047 2114; x_wconf 93' lang='lat' dir='ltr'>qui</span> <span class='ocrx_word' id='word_1_168' title='bbox 1069 2037 1117 2096; x_wconf 89' lang='lat' dir='ltr'>ad·</span> 
     </span>
     <span class='ocr_line' id='line_1_23' title="bbox 229 2113 1119 2195; baseline -0.001 -19"><span class='ocrx_word' id='word_1_169' title='bbox 229 2116 368 2177; x_wconf 88' lang='lat' dir='ltr'>versariis</span> <span class='ocrx_word' id='word_1_170' title='bbox 390 2116 452 2194; x_wconf 92' lang='lat' dir='ltr'>ejus</span> <span class='ocrx_word' id='word_1_171' title='bbox 472 2113 632 2174; x_wconf 89' lang='lat' dir='ltr'>sedabant</span> <span class='ocrx_word' id='word_1_172' title='bbox 654 2114 737 2173; x_wconf 92' lang='lat' dir='ltr'>etin</span> <span class='ocrx_word' id='word_1_173' title='bbox 759 2134 794 2174; x_wconf 91' lang='lat' dir='ltr'>eo</span> <span class='ocrx_word' id='word_1_174' title='bbox 816 2114 961 2174; x_wconf 89' lang='lat' dir='ltr'>laedendo</span> <span class='ocrx_word' id='word_1_175' title='bbox 983 2117 1119 2195; x_wconf 85' lang='lat' dir='ltr'>aliquam</span> 
     </span>
     <span class='ocr_line' id='line_1_24' title="bbox 229 2193 1118 2272; baseline -0.001 -16"><span class='ocrx_word' id='word_1_176' title='bbox 229 2204 438 2256; x_wconf 82' lang='lat' dir='ltr'>consecuturos</span> <span class='ocrx_word' id='word_1_177' title='bbox 461 2193 623 2272; x_wconf 88' lang='lat' dir='ltr'>sperabant</span> <span class='ocrx_word' id='word_1_178' title='bbox 647 2194 899 2267; x_wconf 86' lang='lat' dir='ltr'>commoditatem,</span> <span class='ocrx_word' id='word_1_179' title='bbox 922 2195 1054 2255; x_wconf 85' lang='lat' dir='ltr'>Antonii</span> <span class='ocrx_word' id='word_1_180' title='bbox 1079 2197 1118 2256; x_wconf 88' lang='lat' dir='ltr'>fa·</span> 
     </span>
     <span class='ocr_line' id='line_1_25' title="bbox 229 2273 1118 2352; baseline 0.002 -18"><span class='ocrx_word' id='word_1_181' title='bbox 229 2276 361 2335; x_wconf 88' lang='lat' dir='ltr'>miliares</span> <span class='ocrx_word' id='word_1_182' title='bbox 384 2273 635 2352; x_wconf 89' lang='lat' dir='ltr'>insequebantur;</span> <span class='ocrx_word' id='word_1_183' title='bbox 660 2293 786 2333; x_wconf 86' lang='lat' dir='ltr'>uxorem</span> <span class='ocrx_word' id='word_1_184' title='bbox 810 2273 953 2336; x_wconf 84' lang='lat' dir='ltr'>Fulviam</span> <span class='ocrx_word' id='word_1_185' title='bbox 978 2277 1118 2336; x_wconf 91' lang='lat' dir='ltr'>omnibus</span> 
     </span>
     <span class='ocr_line' id='line_1_26' title="bbox 175 2353 1117 2434; baseline -0.004 -14"><span class='ocrx_word' id='word_1_186' title='bbox 175 2358 215 2420; x_wconf 79' lang='lat'>25</span> <span class='ocrx_word' id='word_1_187' title='bbox 229 2356 317 2415; x_wconf 90' lang='lat' dir='ltr'>rebus</span> <span class='ocrx_word' id='word_1_188' title='bbox 339 2354 467 2434; x_wconf 91' lang='lat' dir='ltr'>spoliare</span> <span class='ocrx_word' id='word_1_189' title='bbox 482 2353 661 2432; x_wconf 89' lang='lat' dir='ltr'>cupiebaut;</span> <span class='ocrx_word' id='word_1_190' title='bbox 683 2353 791 2414; x_wconf 87' lang='lat' dir='ltr'>liberos</span> <span class='ocrx_word' id='word_1_191' title='bbox 813 2355 904 2414; x_wconf 90' lang='lat' dir='ltr'>etiam</span> <span class='ocrx_word' id='word_1_192' title='bbox 926 2356 1117 2434; x_wconf 82' lang='lat' dir='ltr'>exstinguere</span> 
     </span>
     <span class='ocr_line' id='line_1_27' title="bbox 228 2433 1118 2516; baseline -0.001 -20"><span class='ocrx_word' id='word_1_193' title='bbox 228 2435 386 2516; x_wconf 89' lang='lat' dir='ltr'>parabant.</span> <span class='ocrx_word' id='word_1_194' title='bbox 427 2433 558 2506; x_wconf 86' lang='lat' dir='ltr'>Atticus,</span> <span class='ocrx_word' id='word_1_195' title='bbox 572 2455 641 2494; x_wconf 85' lang='lat' dir='ltr'>curn</span> <span class='ocrx_word' id='word_1_196' title='bbox 663 2433 814 2494; x_wconf 84' lang='lat' dir='ltr'>Ciceronis</span> <span class='ocrx_word' id='word_1_197' title='bbox 834 2435 941 2495; x_wconf 92' lang='lat' dir='ltr'>intima</span> <span class='ocrx_word' id='word_1_198' title='bbox 961 2435 1118 2497; x_wconf 87' lang='lat' dir='ltr'>familiari·</span> 
     </span>
     <span class='ocr_line' id='line_1_28' title="bbox 228 2514 1116 2588; baseline -0.001 -11"><span class='ocrx_word' id='word_1_199' title='bbox 228 2526 291 2577; x_wconf 85' lang='lat' dir='ltr'>tate</span> <span class='ocrx_word' id='word_1_200' title='bbox 316 2524 458 2587; x_wconf 79' lang='lat' dir='ltr'>uteretur,</span> <span class='ocrx_word' id='word_1_201' title='bbox 482 2515 679 2574; x_wconf 91' lang='lat' dir='ltr'>amicissimus</span> <span class='ocrx_word' id='word_1_202' title='bbox 707 2523 781 2574; x_wconf 89' lang='lat' dir='ltr'>esset</span> <span class='ocrx_word' id='word_1_203' title='bbox 809 2514 913 2588; x_wconf 86' lang='lat' dir='ltr'>Bruto,</span> <span class='ocrx_word' id='word_1_204' title='bbox 938 2536 998 2575; x_wconf 89' lang='lat' dir='ltr'>non</span> <span class='ocrx_word' id='word_1_205' title='bbox 1028 2517 1116 2577; x_wconf 94' lang='lat' dir='ltr'>modo</span> 
     </span>
     <span class='ocr_line' id='line_1_29' title="bbox 228 2594 1116 2668; baseline 0.002 -13"><span class='ocrx_word' id='word_1_206' title='bbox 228 2596 305 2655; x_wconf 93' lang='lat' dir='ltr'>nihil</span> <span class='ocrx_word' id='word_1_207' title='bbox 321 2596 356 2655; x_wconf 91' lang='lat' dir='ltr'>iis</span> <span class='ocrx_word' id='word_1_208' title='bbox 370 2594 497 2655; x_wconf 91' lang='lat' dir='ltr'>indulsit</span> <span class='ocrx_word' id='word_1_209' title='bbox 517 2595 556 2654; x_wconf 91' lang='lat' dir='ltr'>ad</span> <span class='ocrx_word' id='word_1_210' title='bbox 571 2595 741 2654; x_wconf 87' lang='lat' dir='ltr'>Antonium</span> <span class='ocrx_word' id='word_1_211' title='bbox 753 2594 938 2668; x_wconf 86' lang='lat' dir='ltr'>violandum,</span> <span class='ocrx_word' id='word_1_212' title='bbox 952 2596 1004 2655; x_wconf 88' lang='lat' dir='ltr'>sed</span> <span class='ocrx_word' id='word_1_213' title='bbox 1019 2617 1036 2657; x_wconf 92' lang='lat' dir='ltr'>e</span> <span class='ocrx_word' id='word_1_214' title='bbox 1050 2617 1116 2657; x_wconf 88' lang='lat' dir='ltr'>con·</span> 
     </span>
     <span class='ocr_line' id='line_1_30' title="bbox 228 2674 1114 2756; baseline 0.003 -20"><span class='ocrx_word' id='word_1_215' title='bbox 228 2677 322 2736; x_wconf 90' lang='lat' dir='ltr'>trario</span> <span class='ocrx_word' id='word_1_216' title='bbox 336 2675 500 2735; x_wconf 84' lang='lat' dir='ltr'>familiares</span> <span class='ocrx_word' id='word_1_217' title='bbox 515 2676 577 2754; x_wconf 88' lang='lat' dir='ltr'>ejus</span> <span class='ocrx_word' id='word_1_218' title='bbox 591 2695 630 2734; x_wconf 84' lang='lat' dir='ltr'>ex</span> <span class='ocrx_word' id='word_1_219' title='bbox 644 2674 719 2734; x_wconf 91' lang='lat' dir='ltr'>urbe</span> <span class='ocrx_word' id='word_1_220' title='bbox 739 2676 951 2755; x_wconf 82' lang='lat' dir='ltr'>profugientes,</span> <span class='ocrx_word' id='word_1_221' title='bbox 965 2688 1114 2756; x_wconf 90' lang='lat' dir='ltr'>quantum</span> 
     </span>
     <span class='ocr_line' id='line_1_31' title="bbox 175 2754 1113 2837; baseline 0 -17"><span class='ocrx_word' id='word_1_222' title='bbox 175 2758 215 2820; x_wconf 86' lang='lat'>30</span> <span class='ocrx_word' id='word_1_223' title='bbox 228 2757 336 2837; x_wconf 88' lang='lat' dir='ltr'>potuit,</span> <span class='ocrx_word' id='word_1_224' title='bbox 351 2756 437 2828; x_wconf 85' lang='lat' dir='ltr'>texit,</span> <span class='ocrx_word' id='word_1_225' title='bbox 451 2754 560 2834; x_wconf 90' lang='lat' dir='ltr'>quibus</span> <span class='ocrx_word' id='word_1_226' title='bbox 581 2755 670 2814; x_wconf 89' lang='lat' dir='ltr'>rebus</span> <span class='ocrx_word' id='word_1_227' title='bbox 691 2755 895 2835; x_wconf 86' lang='lat' dir='ltr'>indiguerunt,</span> <span class='ocrx_word' id='word_1_228' title='bbox 910 2757 1038 2836; x_wconf 86' lang='lat' dir='ltr'>adjuvit.</span> <span class='ocrx_word' id='word_1_229' title='bbox 1080 2759 1113 2820; x_wconf 91' lang='lat' dir='ltr'>P.</span> 
     </span>
     <span class='ocr_line' id='line_1_32' title="bbox 228 2835 1115 2918; baseline -0.001 -18"><span class='ocrx_word' id='word_1_230' title='bbox 228 2857 300 2900; x_wconf 88' lang='lat' dir='ltr'>vero</span> <span class='ocrx_word' id='word_1_231' title='bbox 314 2835 481 2898; x_wconf 84' lang='lat' dir='ltr'>Volumnio</span> <span class='ocrx_word' id='word_1_232' title='bbox 495 2841 539 2895; x_wconf 71' lang='lat' dir='ltr'>&#39;ea</span> <span class='ocrx_word' id='word_1_233' title='bbox 561 2835 677 2908; x_wconf 91' lang='lat' dir='ltr'>tribuit,</span> <span class='ocrx_word' id='word_1_234' title='bbox 692 2843 726 2896; x_wconf 91' lang='lat' dir='ltr'>ut</span> <span class='ocrx_word' id='word_1_235' title='bbox 748 2837 838 2915; x_wconf 91' lang='lat' dir='ltr'>plura</span> <span class='ocrx_word' id='word_1_236' title='bbox 852 2858 870 2896; x_wconf 92' lang='lat' dir='ltr'>a</span> <span class='ocrx_word' id='word_1_237' title='bbox 885 2848 1009 2916; x_wconf 87' lang='lat' dir='ltr'>parente</span> <span class='ocrx_word' id='word_1_238' title='bbox 1028 2840 1115 2918; x_wconf 88' lang='lat' dir='ltr'>proii-</span> 
     </span>
     <span class='ocr_line' id='line_1_33' title="bbox 228 2915 1115 2996; baseline 0 -17"><span class='ocrx_word' id='word_1_239' title='bbox 228 2918 299 2979; x_wconf 88' lang='lat' dir='ltr'>eisci</span> <span class='ocrx_word' id='word_1_240' title='bbox 313 2938 373 2977; x_wconf 91' lang='lat' dir='ltr'>non</span> <span class='ocrx_word' id='word_1_241' title='bbox 387 2916 549 2996; x_wconf 90' lang='lat' dir='ltr'>potuerint.</span> <span class='ocrx_word' id='word_1_242' title='bbox 590 2915 654 2995; x_wconf 89' lang='lat' dir='ltr'>Ipsi</span> <span class='ocrx_word' id='word_1_243' title='bbox 664 2926 765 2976; x_wconf 91' lang='lat' dir='ltr'>autem</span> <span class='ocrx_word' id='word_1_244' title='bbox 777 2916 915 2990; x_wconf 89' lang='lat' dir='ltr'>Fulviae,</span> <span class='ocrx_word' id='word_1_245' title='bbox 926 2938 996 2978; x_wconf 93' lang='lat' dir='ltr'>cum</span> <span class='ocrx_word' id='word_1_246' title='bbox 1011 2919 1115 2979; x_wconf 92' lang='lat' dir='ltr'>litibus</span> 
     </span>
     <span class='ocr_line' id='line_1_34' title="bbox 228 2996 1116 3075; baseline 0.001 -16"><span class='ocrx_word' id='word_1_247' title='bbox 228 2999 421 3059; x_wconf 89' lang='lat' dir='ltr'>distineretur</span> <span class='ocrx_word' id='word_1_248' title='bbox 445 2997 621 3075; x_wconf 86' lang='lat' dir='ltr'>magnisque</span> <span class='ocrx_word' id='word_1_249' title='bbox 648 2996 811 3056; x_wconf 89' lang='lat' dir='ltr'>terroribus</span> <span class='ocrx_word' id='word_1_250' title='bbox 833 3008 1005 3072; x_wconf 87' lang='lat' dir='ltr'>vexaretur,</span> <span class='ocrx_word' id='word_1_251' title='bbox 1031 3009 1116 3060; x_wconf 91' lang='lat' dir='ltr'>tanta</span> 
     </span>
     <span class='ocr_line' id='line_1_35' title="bbox 228 3077 1116 3158; baseline 0 -18"><span class='ocrx_word' id='word_1_252' title='bbox 228 3078 386 3158; x_wconf 89' lang='lat' dir='ltr'>diligentia</span> <span class='ocrx_word' id='word_1_253' title='bbox 414 3077 544 3136; x_wconf 90' lang='lat' dir='ltr'>officium</span> <span class='ocrx_word' id='word_1_254' title='bbox 569 3097 657 3136; x_wconf 91' lang='lat' dir='ltr'>suum</span> <span class='ocrx_word' id='word_1_255' title='bbox 682 3077 839 3155; x_wconf 88' lang='lat' dir='ltr'>praestitit,</span> <span class='ocrx_word' id='word_1_256' title='bbox 861 3087 895 3138; x_wconf 93' lang='lat' dir='ltr'>ut</span> <span class='ocrx_word' id='word_1_257' title='bbox 919 3079 1040 3138; x_wconf 91' lang='lat' dir='ltr'>nullum</span> <span class='ocrx_word' id='word_1_258' title='bbox 1061 3080 1116 3140; x_wconf 93' lang='lat' dir='ltr'>illa</span> 
     </span>
     <span class='ocr_line' id='line_1_36' title="bbox 175 3155 1116 3238; baseline -0.003 -16"><span class='ocrx_word' id='word_1_259' title='bbox 175 3160 215 3222; x_wconf 81' lang='grc'>35</span> <span class='ocrx_word' id='word_1_260' title='bbox 228 3158 338 3219; x_wconf 88' lang='lat' dir='ltr'>stiterit</span> <span class='ocrx_word' id='word_1_261' title='bbox 350 3157 559 3218; x_wconf 90' lang='lat' dir='ltr'>vadimonium</span> <span class='ocrx_word' id='word_1_262' title='bbox 572 3157 637 3215; x_wconf 90' lang='lat' dir='ltr'>sine</span> <span class='ocrx_word' id='word_1_263' title='bbox 651 3155 764 3229; x_wconf 87' lang='lat' dir='ltr'>Attico,</span> <span class='ocrx_word' id='word_1_264' title='bbox 778 3157 828 3217; x_wconf 84' lang='lat' dir='ltr'>hic</span> <span class='ocrx_word' id='word_1_265' title='bbox 843 3179 965 3238; x_wconf 90' lang='lat' dir='ltr'>sponsor</span> <span class='ocrx_word' id='word_1_266' title='bbox 979 3161 1116 3219; x_wconf 91' lang='lat' dir='ltr'>omnium</span> 
     </span>
     <span class='ocr_line' id='line_1_37' title="bbox 227 3235 1117 3311; baseline 0.004 -13"><span class='ocrx_word' id='word_1_267' title='bbox 227 3259 329 3298; x_wconf 92' lang='lat' dir='ltr'>rerum</span> <span class='ocrx_word' id='word_1_268' title='bbox 339 3237 439 3297; x_wconf 85' lang='lat' dir='ltr'>fuerit</span> <span class='ocrx_word' id='word_1_269' title='bbox 481 3235 566 3311; x_wconf 76' lang='lat' dir='ltr'>Quin</span> <span class='ocrx_word' id='word_1_270' title='bbox 580 3236 681 3309; x_wconf 92' lang='lat' dir='ltr'>etiam,</span> <span class='ocrx_word' id='word_1_271' title='bbox 693 3258 761 3297; x_wconf 90' lang='lat' dir='ltr'>cum</span> <span class='ocrx_word' id='word_1_272' title='bbox 776 3238 830 3297; x_wconf 91' lang='lat' dir='ltr'>illa</span> <span class='ocrx_word' id='word_1_273' title='bbox 841 3239 969 3298; x_wconf 90' lang='lat' dir='ltr'>fundum</span> <span class='ocrx_word' id='word_1_274' title='bbox 984 3242 1117 3301; x_wconf 87' lang='lat' dir='ltr'>secunda</span> 
     </span>
     <span class='ocr_line' id='line_1_38' title="bbox 227 3317 1116 3398; baseline 0.002 -20"><span class='ocrx_word' id='word_1_275' title='bbox 227 3319 350 3379; x_wconf 86' lang='lat' dir='ltr'>fortuna</span> <span class='ocrx_word' id='word_1_276' title='bbox 377 3317 495 3376; x_wconf 91' lang='lat' dir='ltr'>emisset</span> <span class='ocrx_word' id='word_1_277' title='bbox 522 3317 554 3374; x_wconf 90' lang='lat' dir='ltr'>in</span> <span class='ocrx_word' id='word_1_278' title='bbox 581 3317 671 3390; x_wconf 91' lang='lat' dir='ltr'>diem,</span> <span class='ocrx_word' id='word_1_279' title='bbox 693 3338 789 3396; x_wconf 90' lang='lat' dir='ltr'>neque</span> <span class='ocrx_word' id='word_1_280' title='bbox 816 3329 883 3398; x_wconf 91' lang='lat' dir='ltr'>post</span> <span class='ocrx_word' id='word_1_281' title='bbox 911 3320 1116 3381; x_wconf 87' lang='lat' dir='ltr'>calamitatem</span> 
     </span>
     <span class='ocr_line' id='line_1_39' title="bbox 227 3397 1117 3481; baseline 0 -21"><span class='ocrx_word' id='word_1_282' title='bbox 227 3417 383 3461; x_wconf 89' lang='lat' dir='ltr'>versuram</span> <span class='ocrx_word' id='word_1_283' title='bbox 398 3397 495 3455; x_wconf 87' lang='lat' dir='ltr'>facere</span> <span class='ocrx_word' id='word_1_284' title='bbox 509 3397 663 3475; x_wconf 89' lang='lat' dir='ltr'>potuisset,</span> <span class='ocrx_word' id='word_1_285' title='bbox 677 3398 729 3457; x_wconf 89' lang='lat' dir='ltr'>ille</span> <span class='ocrx_word' id='word_1_286' title='bbox 749 3419 780 3458; x_wconf 91' lang='lat' dir='ltr'>se</span> <span class='ocrx_word' id='word_1_287' title='bbox 801 3399 980 3480; x_wconf 88' lang='lat' dir='ltr'>interposuit</span> <span class='ocrx_word' id='word_1_288' title='bbox 996 3402 1117 3481; x_wconf 86' lang='lat' dir='ltr'>pecuni-</span> 
     </span>
     <span class='ocr_line' id='line_1_40' title="bbox 227 3476 1117 3557; baseline 0.003 -19"><span class='ocrx_word' id='word_1_289' title='bbox 227 3498 337 3557; x_wconf 89' lang='lat' dir='ltr'>amque</span> <span class='ocrx_word' id='word_1_290' title='bbox 350 3477 414 3536; x_wconf 88' lang='lat' dir='ltr'>sine</span> <span class='ocrx_word' id='word_1_291' title='bbox 426 3476 528 3534; x_wconf 85' lang='lat' dir='ltr'>fenore</span> <span class='ocrx_word' id='word_1_292' title='bbox 542 3476 664 3554; x_wconf 90' lang='lat' dir='ltr'>sineque</span> <span class='ocrx_word' id='word_1_293' title='bbox 685 3478 750 3538; x_wconf 94' lang='lat' dir='ltr'>ulla</span> <span class='ocrx_word' id='word_1_294' title='bbox 770 3479 965 3557; x_wconf 87' lang='lat' dir='ltr'>stipulatione</span> <span class='ocrx_word' id='word_1_295' title='bbox 979 3483 1117 3555; x_wconf 89' lang='lat' dir='ltr'>credidit,</span> 
     </span>
     <span class='ocr_line' id='line_1_41' title="bbox 174 3555 1119 3639; baseline 0.005 -23"><span class='ocrx_word' id='word_1_296' title='bbox 174 3558 214 3620; x_wconf 84' lang='lat'>40</span> <span class='ocrx_word' id='word_1_297' title='bbox 227 3558 396 3617; x_wconf 87' lang='lat' dir='ltr'>maximum</span> <span class='ocrx_word' id='word_1_298' title='bbox 418 3555 593 3614; x_wconf 84' lang='lat' dir='ltr'>existimans</span> <span class='ocrx_word' id='word_1_299' title='bbox 615 3569 782 3633; x_wconf 89' lang='lat' dir='ltr'>quaestum,</span> <span class='ocrx_word' id='word_1_300' title='bbox 801 3579 963 3621; x_wconf 89' lang='lat' dir='ltr'>memorem</span> <span class='ocrx_word' id='word_1_301' title='bbox 984 3571 1119 3639; x_wconf 87' lang='lat' dir='ltr'>gratum·</span> 
     </span>
    </p>
   </div>
   <div class='ocr_carea' id='block_1_9' title="bbox 0 0 1248 3792">
    <p class='ocr_par' dir='ltr' id='par_1_11' title="bbox 0 0 1248 3792">
     <span class='ocr_line' id='line_1_42' title="bbox 0 0 1248 3792; baseline 0 0"><span class='ocrx_word' id='word_1_302' title='bbox 0 0 1248 3792; x_wconf 95' lang='lat' dir='ltr'> </span> 
     </span>
    </p>
   </div>
  </div>
 </body>
</html>
