2475 3792
165 255 228 319 116
437 271 648 318 coaranrr
679 273 872 319 narcara.

217 427 357 507 plurimis
380 427 493 501 videas,
517 428 697 488 continentis
721 429 810 489 debet
833 429 921 503 duci;
949 438 980 491 et
1004 432 1105 524 potius

217 508 375 586 diligentia
402 529 494 589 quam
520 508 617 587 pretio
646 529 762 588 parare,
785 529 846 568 non
873 511 1034 571 mediocris
1061 521 1105 570 est

217 588 389 649 industriae.
439 587 580 667 Elegans‚
607 608 669 648 non
696 589 890 668 magnificum
917 590 1104 668 splendidus,

216 688 277 728 non
301 677 509 747 sumptuosum
537 668 619 727 omni
644 668 802 746 diligentia
826 670 1019 743 munditiam,
1044 691 1104 730 non

67 791 71 796 -
184 747 402 808 5affluentiam
413 748 581 808 affectabat.
622 748 766 827 Supellex
781 749 908 822 modica,
919 770 981 809 non
995 750 1104 824 multa,

216 837 252 888 ut
265 829 297 887 in
310 838 449 889 neutram
465 838 582 907 partem
603 829 735 908 conspici
755 838 861 908 posset.
902 829 968 890 Nec
988 841 1105 910 praete-

216 909 291 982 ribo,
315 929 500 988 quamquam
525 908 678 968 nonnullis
706 908 772 969 leve
795 909 894 970 visum
918 911 956 968 iri
981 921 1104 990 putem:

216 1010 285 1049 cum
308 990 340 1048 in
362 989 467 1068 primis
488 988 590 1048 lautus
612 998 688 1048 esset
709 1010 798 1068 eques
812 989 977 1064 Romanus,
992 999 1023 1051 et
1044 1012 1105 1052 non

163 1151 204 1211 10
216 1069 526 1222 ttttdttdtt
538 1070 1105 1230 lllfflnffialmlllllulldldllld

215 1231 302 1291 milia
322 1230 399 1291 aeris
418 1250 567 1310 peraeque
587 1229 620 1288 in
640 1230 773 1310 singulos
787 1251 900 1291 menses
914 1253 953 1291 ex
967 1232 1106 1311 epheme-

215 1312 280 1371 ride
300 1332 369 1372 eum
389 1330 555 1389 expensum
575 1311 709 1390 sumptui
730 1311 808 1371 ferre
826 1311 957 1373 solitum.
999 1312 1106 1392 Atque

130 1407 136 1416 ·
215 1391 272 1453 hoc
285 1412 346 1451 non
359 1391 508 1463 auditum,
518 1391 571 1450 sed
585 1391 739 1469 cognitum
750 1392 965 1470 praedicamus.
1008 1392 1105 1473 Saepe

162 1552 179 1613 1
215 1472 296 1613 efiqim
316 1481 439 1552 propter
457 1471 696 1532 familiaritatem
716 1472 885 1533 domesticis
904 1472 994 1534 rebus
1014 1475 1105 1534 inter·

182 1553 201 1614 ὅ
250 1552 336 1613 imus.

255 1632 349 1693 XIV.
370 1631 468 1693 Nemo
481 1632 514 1692 in
528 1632 668 1694 convivio
682 1634 746 1712 ejus
759 1633 843 1693 aliud
858 1653 998 1694 acroama
1019 1635 1105 1694 audi·

215 1713 263 1776 vit
282 1733 374 1792 quam
394 1721 597 1793 anagnosten;
617 1714 698 1792 quod
716 1732 769 1773 nos
784 1715 905 1792 quidem
921 1715 1104 1794 jucundimi·

215 1814 300 1854 mum
314 1793 506 1853 arbitramur.
548 1793 655 1873 Neque
669 1814 813 1872 umquam
826 1794 889 1854 sine
902 1795 1007 1874 aliqua
1021 1795 1105 1856 lecti·

215 1895 273 1936 one
293 1875 377 1955 apud
398 1894 468 1933 eum
489 1883 649 1935 coenatum
670 1882 723 1946 est,
742 1882 776 1934 ut
798 1894 858 1935 non
880 1875 979 1934 minus
1001 1877 1105 1936 animo

162 1955 202 2017 20
216 1976 308 2035 quam
325 1964 431 2018 ventre
452 1953 599 2016 convivae
620 1953 849 2014 delectarentur.
890 1955 1032 2035 Namque
1055 1977 1104 2016 cos

150 2057 156 2066 ·
215 2035 354 2108 vocabat,
364 2055 493 2115 quorum
507 2033 989 2095 moresasuisnonabhorrerent.
1024 2035 1104 2096 Cum

216 2125 303 2177 tanta
322 2115 469 2195 pecuniae
488 2113 570 2174 facta
590 2124 665 2174 esset
681 2115 817 2187 accessio,
831 2114 907 2173 nihil
923 2115 960 2175 de
974 2117 1106 2195 quotidi-

215 2217 274 2256 ano
301 2196 386 2256 cultu
420 2194 561 2268 mutavit,
587 2194 665 2253 nihil
698 2195 736 2254 de
762 2195 844 2256 vitae
871 2196 1104 2269 consuetudine;

215 2285 360 2355 tantaque
373 2296 444 2335 usus
457 2285 502 2334 est
516 2274 729 2348 moderatione,
743 2283 778 2334 ut
798 2295 895 2354 neque
916 2275 947 2334 in
968 2278 1105 2337 sestertio

162 2357 201 2419 25
216 2357 316 2429 vicies,
330 2356 410 2436 quod
432 2376 451 2416 a
474 2364 561 2434 patre
581 2363 746 2434 acceperat,
768 2375 876 2434 parum
895 2376 927 2415 se
946 2356 1105 2434 splendide

214 2437 346 2516 gesserit,
360 2455 457 2515 neque
476 2435 509 2494 in
528 2436 662 2498 sestertio
677 2436 787 2510 centies
807 2435 977 2496 affluentius
991 2437 1105 2497 vixerit

215 2537 306 2597 quam
321 2516 501 2588 instituerat,
515 2517 642 2596 parique
661 2516 781 2595 fastigio
801 2517 916 2576 steterit
929 2516 961 2575 in
974 2525 1104 2596 utraque

215 2599 346 2658 fortuna.
387 2595 498 2655 Nullos
511 2595 620 2656 habuit
633 2596 743 2668 hortos,
758 2595 875 2656 nullam
896 2595 1103 2656 suburbanam

216 2687 270 2738 aut
286 2676 470 2737 maritimam
491 2685 698 2754 sumptuosam
712 2675 829 2749 villam,
843 2696 939 2755 neque
954 2677 986 2735 in
1000 2676 1102 2750 Italia,

162 2761 202 2821 30
216 2767 335 2837 praeter
348 2756 551 2816 Ardeatinum
566 2766 596 2816 et
609 2755 845 2828 Nomentanum,
860 2757 1006 2816 rusticum
1020 2777 1104 2836 prac-

216 2839 319 2909 dium;
340 2837 496 2915 omnisque
509 2837 573 2915 ejus
592 2837 739 2915 pecuniae
759 2836 872 2896 reditus
893 2837 1050 2897 constabat
1071 2839 1103 2897 in
1216 2835 1217 2850 ¹

215 2917 379 2996 Epiroticis
400 2924 431 2976 et
452 2915 577 2976 urbanis
598 2915 839 2994 possessionibus.
881 2915 933 2976 Ex
955 2937 1014 2995 quo
1037 2938 1104 2996 cog-

215 2998 297 3058 nosci
317 3006 423 3077 potest,
438 3017 525 3055 usum
546 3016 615 3055 eum
636 2996 782 3075 pecuniae
802 3015 863 3056 non
884 2998 1102 3076 magnitudine,

214 3078 266 3136 sed
281 3078 397 3138 ratione
410 3076 510 3134 metiri
523 3075 655 3135 solitum.
1049 3111 1051 3116 ·
1215 3125 1216 3132 ,

161 3159 201 3217 35
255 3156 330 3215 XV.
351 3155 546 3213 Mendacium
567 3175 665 3233 neque
678 3154 806 3228 dicebat,
820 3175 917 3235 neque
937 3157 1002 3236 pati
1023 3168 1105 3238 pote·

215 3243 271 3294 rat.
312 3234 421 3311 Itaque
442 3234 504 3311 ejus
528 3234 653 3292 comitas
677 3254 737 3294 non
762 3235 826 3294 sine
848 3238 1009 3297 severitate
1029 3249 1103 3312 erat,

214 3332 311 3390 neque
330 3312 464 3390 gravitas
485 3312 549 3370 sine
570 3312 726 3386 facilitate,
741 3323 776 3372 ut
790 3314 912 3375 difficile
926 3325 1001 3376 esset
1017 3317 1104 3379 intel·

214 3390 304 3462 lectu,
325 3400 426 3448 utrum
449 3410 517 3448 eum
538 3391 628 3450 amici
650 3393 746 3469 magis
766 3404 942 3454 vererentur
962 3417 1003 3455 an
1023 3417 1105 3459 ama-

214 3478 290 3528 rent
339 3468 497 3545 Quidquid
525 3469 698 3546 rogabatur,
726 3471 863 3550 religiose
889 3476 1105 3552 promittebat;
