2475 3792
301 243 336 292 r.
362 243 618 293 rouronrus
646 245 837 292 armeus.
1008 225 1072 292 107

124 419 254 480 magnus
274 399 494 480 imperator,et
512 401 682 481 probabilis
696 410 805 475 orator,
819 409 850 462 et
863 400 1017 480 cupidissi-

123 501 192 540 mus
215 480 389 541 litterarum
412 481 480 542 fuit.
522 483 665 558 Quarum
689 482 823 542 studium
843 482 898 542 etsi
919 482 1017 542 senior

123 561 305 640 arripuerat,
323 570 427 620 tamen
446 570 568 621 tantum
589 581 778 640 progressum
800 562 879 634 t'ecit,
900 570 1016 622 utnon

122 640 214 701 facile
238 641 365 720 reperiri
392 641 495 718 possit,
519 661 618 720 neque
642 643 680 702 de
704 641 828 702 Graecis
854 661 952 720 neque
978 642 1016 702 de

123 720 242 781 Italicis
262 720 361 794 rebus,
375 721 457 800 quod
477 721 505 780 ei
525 721 617 782 tuerit
638 721 834 799 incognitum.
875 721 927 782 Ab
947 723 1016 782 ado
1050 721 1069 781 5

122 799 269 861 lescentia
282 801 411 862 confecit
424 801 581 862 orationes.
625 801 724 862 Senex
735 801 874 862 historias
887 801 1016 862 scribere

120 881 274 954 instituit3
295 902 400 942 earum
414 890 484 941 sunt
497 881 569 941 libri
583 890 707 961 septem.
749 881 869 942 Primus
883 883 1016 943 continet

120 981 168 1021 res
182 971 284 1040 gestas
298 982 402 1041 regum
417 962 522 1040 populi
533 961 683 1034 Romani3
703 962 851 1022 secundus
861 971 891 1022 et
901 962 1015 1035 tertius,

120 1042 204 1102 unde
219 1062 357 1121 quaeque
370 1041 477 1103 civitas
490 1051 558 1102 orta
578 1042 618 1102 sit
639 1041 765 1102 Italica:
787 1042 826 1103 ob
840 1063 930 1122 quam
952 1063 1015 1102 rem

121 1141 227 1182 ornnes
241 1121 382 1200 Origines
392 1122 513 1184 videtur
527 1122 703 1202 appellasse.
746 1122 783 1182 In
795 1132 903 1202 quarto
914 1131 1012 1182 autem
1031 1123 1069 1186 10

120 1201 239 1262 bellum
256 1202 420 1262 Poenicum
440 1212 484 1262 ast
504 1203 655 1281 primum;
676 1203 708 1262 in
723 1204 828 1282 quinto
842 1203 1014 1263 secundum.

120 1281 227 1361 Atque
249 1282 440 1342 haecomnia
453 1283 644 1361 capitulatim
658 1292 729 1343 sunt
742 1283 832 1344 dicta.
874 1283 1015 1362 Reliqua-

120 1382 180 1440 que
196 1362 279 1422 bella
292 1363 359 1441 pari
374 1362 462 1422 modo
478 1372 651 1442 persecutus
666 1372 710 1423 cst
724 1383 816 1455 usque
837 1363 876 1423 ad
897 1373 1015 1442 praetu-

121 1446 189 1502 r'am
210 1442 310 1504 Servii
331 1441 458 1516 Galbae,
477 1443 531 1522 qui
551 1443 679 1522 diripuit
700 1443 871 1504 Lusitanos.
912 1443 1015 1522 Atque

120 1522 233 1583 horum
251 1521 402 1583 bellorum
423 1523 513 1583 duces
533 1544 595 1583 non
616 1523 795 1596 nominavit,
809 1524 861 1584 sed
881 1523 944 1584 sine
964 1544 1014 1584 no·
1029 1523 1067 1586 15

121 1602 257 1663 minibus
282 1624 329 1663 res
351 1604 478 1664 notavit.
519 1603 558 1664 In
581 1604 687 1663 iisdem
710 1604 858 1682 exposuit,
879 1623 956 1683 quae
982 1604 1014 1664 in

121 1683 216 1744 Italia
230 1683 450 1762 Hispaniisque
464 1693 518 1744 aut
531 1684 639 1744 fierent
659 1692 713 1744 aut
726 1683 901 1744 viderentur
921 1684 1015 1744 admi-

120 1764 227 1824 randa.
270 1763 310 1823 In
321 1763 431 1842 quibus
445 1764 543 1824 multa
557 1765 708 1824 industria
722 1772 752 1823 et
766 1763 924 1842 diligentia
937 1785 1014 1824 com-

119 1854 215 1922 paret,
237 1843 338 1903 multa
362 1844 508 1904 doctrina.
550 1843 654 1923 Hujus
678 1845 716 1903 de
739 1844 804 1904 vita
827 1852 858 1903 et
881 1843 1014 1904 moribus

118 1924 209 2002 plura
223 1923 256 1983 in
270 1943 307 1982 eo
322 1923 402 1983 libro
415 1924 563 2001 persecuti
578 1944 690 1996 sumus,
701 1943 790 2003 quem
804 1924 965 2001 separatim
976 1924 1013 1984 de
1028 1927 1067 1987 20

119 2023 153 2063 eo
166 2004 296 2063 fecimus
310 2012 421 2081 rogatu
435 2002 497 2062 Titi
514 2003 675 2082 Pomponii
689 2003 795 2063 Attici.
837 2003 941 2079 Quare
953 2012 1014 2063 stu·

118 2083 216 2144 diosos
230 2082 359 2144 Catonis
372 2082 413 2142 ad
426 2083 505 2143 illud
518 2084 663 2146 volumen
677 2082 858 2162 delegamus.

404 2341 741 2359 ——-—-

132 2529 263 2603 XXV.
304 2529 345 2602 Τ.
377 2528 715 2601 POMPONIUS
743 2530 996 2604 ATTICUS.

462 2694 676 2735 —oossss’oo—

156 2813 185 2878 L
220 2815 256 2877 Τ.
283 2815 480 2877 Ponrorucs
507 2816 659 2889 Armcus,
687 2816 725 2877 ab
753 2817 868 2897 origine
902 2819 1012 2881 ultima

116 2896 222 2977 stirpis
235 2897 411 2957 Romanae
436 2907 603 2975 generatae,
629 2907 774 2974 perpetuo
801 2919 820 2958 a
847 2899 1010 2978 majoribus

117 2987 278 3056 acceptam
313 2985 480 3053 equestrem
515 2977 647 3038 obtinuit
681 2977 867 3056 dignitatem.
919 2980 1009 3039 Patre
1024 2971 1062 3031 25

117 3078 190 3116 usus
209 3066 255 3116 est
269 3056 424 3133 diligente,
439 3056 624 3134 indulgente,
638 3065 677 3128 et,
691 3067 726 3117 ut
746 3067 811 3116 tum
832 3068 918 3118 erant
938 3067 1010 3118 tem·

117 3157 204 3216 pora,
227 3136 295 3208 diti,
317 3136 349 3194 in
395 3137 537 3214 rimisque
560 3136 693 3195 studioso
717 3136 896 3196 litterarum.
938 3138 1009 3211 Hic,

117 3226 211 3294 prout
225 3217 291 3294 ipse
306 3156 429 3276 amabat
443 3216 567 3285 litteras,
582 3214 720 3273 omnibus
734 3217 886 3285 doctrinis,
901 3218 1009 3292 quibus

117 3295 247 3375 puerilis
261 3304 345 3355 aetas
359 3294 507 3373 impertiri
522 3293 619 3362 debet,
634 3292 731 3349 filium
752 3293 892 3349 erudivit.
934 3293 1011 3350 Erat

117 3384 224 3436 autem
245 3376 279 3434 in
301 3394 404 3452 puero,
417 3381 537 3452 praeter
557 3369 743 3429 docilitatem
759 3367 881 3442 ingenii,
894 3387 1012 3423 summa
1026 3367 1064 3423 30

118 3456 258 3518 suavitas
278 3453 340 3514 oris
359 3473 395 3513 ac
409 3451 501 3523 vocis,
514 3458 550 3508 ut
565 3466 627 3506 nou
640 3447 738 3504 solum
752 3443 887 3501 celeriter
900 3442 1012 3514 accipe·
