2475 3792
472 249 687 297 nonense.
1033 230 1077 296 83

134 404 349 484 campestribus
363 426 400 466 ea
413 405 489 466 locis
501 405 662 466 habuisset
704 404 743 464 In
756 405 814 465 hac
824 404 1024 478 conclusione,

135 485 381 577 quotiescumque*
393 485 503 557 voluit,
517 495 700 564 apparatum
720 494 751 545 et
764 485 946 545 munitiones
959 485 1023 545 An·

134 564 229 644 tigoni
243 565 322 625 alias
336 565 482 638 moendit,
496 565 572 625 alias
586 565 711 644 disjecit.
752 563 864 625 Tenuit
877 574 978 625 eutem
992 585 1024 626 sc

133 664 193 704 uno
206 644 284 718 loco,
299 645 448 723 quamdiu
462 645 521 704 fuit
535 645 639 716 hiems,
653 643 735 724 quod
756 653 854 704 castra
875 644 932 705 sub
952 645 1024 706 divo

132 723 245 784 habere
259 745 323 786 non
337 734 464 803 poterat.
505 725 570 786 Ver
580 723 862 804 appropinquabat:
882 724 1026 786 simulate
1059 723 1079 782 5

132 805 297 877 deditione,
319 805 393 864 dum
417 806 455 865 dc
478 804 704 866 condicionibus
727 813 848 878 tractat,
868 805 1025 885 praefectis

131 885 285 1023 Aptigoni
300 885 452 964 imposuit,
465 905 555 965 seque
575 905 611 945 ao
631 905 700 946 suos
720 906 822 946 omnes
835 886 970 947 extruxit
982 885 1026 945 in-

132 985 167 1025 co
181 985 277 1024 umes

173 1044 234 1106 VI.
257 1044 311 1103 Ad
328 1045 409 1106 hunc
424 1045 591 1127 Olympico,
606 1055 704 1106 mater
723 1066 801 1125 quse
821 1045 920 1106 fuerat
933 1045 1026 1106 Alex-

133 1125 234 1198 andri,
251 1145 323 1184 cum
343 1125 459 1185 litteras
474 1136 504 1186 et
518 1127 641 1186 nuntios
654 1125 780 1186 misisset
794 1126 826 1185 in
839 1126 946 1187 Asiam
960 1147 1028 1186 con·
1042 1124 1081 1186 10
1106 1145 1114 1161 ·

133 1206 263 1277 sultum,
276 1213 382 1264 utrum
403 1207 563 1285 repetitum
585 1205 795 1266 Macedonium
810 1207 927 1268 veniret
941 1209 1027 1278 (nam

134 1294 202 1346 tum
225 1285 260 1344 in
286 1284 381 1363 Epiro
404 1285 577 1358 habitabat)
593 1295 624 1346 et
637 1307 687 1346 eas
708 1307 753 1346 res
773 1295 942 1365 occuparet,
956 1286 1027 1347 buie

134 1366 189 1426 ille
213 1365 351 1444 primum
375 1365 477 1438 suasit,
497 1386 535 1426 ne
559 1386 590 1426 se
616 1375 751 1428 moveret
777 1375 807 1426 et
833 1375 1029 1446 exspectaret,

136 1445 240 1525 quoad
264 1444 438 1505 Alexandri
464 1445 546 1507 filius
573 1466 699 1526 regnum
724 1447 956 1526 adipisceretur3
982 1447 1029 1506 sin

136 1527 245 1605 aliqua
258 1525 427 1605 cupiditate
446 1535 604 1606 raperetur
623 1527 656 1587 in
676 1526 896 1600 Macedoniam,
910 1527 1030 1588 oblivis
1044 1526 1083 1588 15

137 1614 259 1668 ceretur
272 1606 411 1666 omnium
424 1607 606 1687 injuriarum
616 1616 647 1668 et
660 1608 691 1667 in
706 1607 856 1667 neminem
877 1606 1031 1668 acerbiore

137 1695 277 1748 uteretur
287 1685 424 1766 imperio.
466 1687 587 1748 Horum
602 1687 657 1748 illa
670 1688 749 1747 nihil
760 1688 847 1761 fecit;
868 1707 940 1747 nam
954 1687 1031 1748 etin

138 1767 355 1828 Macedoniam
369 1767 505 1847 profecta
518 1777 563 1829 est
577 1777 607 1828 et
621 1768 664 1828 ibi
678 1767 923 1828 crudelissimese
932 1767 1030 1847 gessit

139 1848 222 1909 Petit
240 1857 344 1908 autem
366 1847 404 1908 ab
425 1848 563 1909 Eumene
584 1849 716 1922 absente,
730 1869 768 1908 ne
789 1856 943 1927 paterenus
961 1847 1031 1908 Phi-

139 1929 217 2008 lippi
228 1929 338 1988 domus
348 1948 385 1987 ac
395 1927 529 1988 familiae
539 1927 762 1989 inimicissimos
768 1929 891 2007 stirpem
912 1948 1031 2007 quoque
1045 1927 1085 1988 20

138 2009 323 2080 interimere,
333 2008 485 2088 'ferretque
498 2030 585 2088 opem
600 2008 702 2069 liberis
711 2008 893 2069 Alexandri.
928 2008 1030 2084 Quam

138 2089 263 2151 veniam
288 2089 314 2148 si
339 2089 433 2162 daret,
455 2110 546 2168 quam
571 2089 704 2168 primum
727 2088 877 2149 exercitus
901 2096 1031 2166 pararet,

138 2190 215 2250 quos
229 2169 287 2229 sibi
302 2168 436 2229 subsidio
451 2169 622 2230 adduceret
663 2168 699 2228 ld
712 2190 771 2248 quo
782 2168 901 2229 facilins
911 2169 1032 2241 faceret,
1105 2193 1110 2202 ·

138 2271 170 2310 se
180 2249 323 2310 omnibus
337 2249 505 2329 praefectis,
516 2250 568 2330 qui
582 2250 615 2309 in
629 2248 726 2310 officio
736 2248 909 2320 manebant,
918 2247 1032 2308 misisse

139 2330 268 2403 litteras,
289 2339 325 2390 ut
349 2329 377 2390 ei
402 2339 542 2409 parerent
567 2330 689 2410 ejusque
713 2328 843 2390 consiliis
866 2336 1030 2390 uterentur.
1045 2327 1084 2388 25
1139 2380 1143 2388 ,

139 2410 200 2471 His
214 2410 305 2470 rebus
318 2409 472 2470 Eumenes
486 2420 638 2489 permotus
658 2410 752 2469 setius
765 2408 864 2481 duxit,
878 2408 903 2468 si
923 2408 967 2468 ita
986 2417 1033 2468 tu·

138 2491 223 2551 iisset
235 2489 369 2562 fortuna,
383 2491 482 2570 perire
496 2489 699 2550 benemeritis
712 2490 888 2550 referentem
901 2488 1031 2568 gratiam

139 2590 233 2650 quam
247 2569 403 2650 ingratum
414 2570 525 2633 vivere.
897 2577 902 2588 '

180 2649 258 2711 v11.
290 2651 400 2729 Itaque
428 2651 529 2729 copias
557 2650 719 2723 contraxit,
746 2647 862 2710 bellum
889 2648 1032 2710 adversus

139 2731 333 2810 Antigonum
361 2731 558 2810 comparavit.
609 2730 703 2806 Quod
730 2750 793 2790 nna
819 2738 906 2790 erant
932 2728 1032 2790 Mace-
1045 2727 1085 2790 30

140 2810 233 2871 dones
246 2810 556 2890 complures-nobiles,
570 2812 600 2871 in
616 2812 664 2871 his
678 2811 844 2883 Peucestes,
858 2810 911 2889 qni
931 2829 1033 2888 corpo·

140 2892 182 2951 ris
207 2901 305 2952 custos
329 2889 432 2951 fuerat
455 2891 636 2964 Alexandri,
660 2900 727 2951 tum
751 2899 852 2951 autem
877 2889 1034 2952 obtinebat

141 2970 306 3045 Persidem,
320 2979 353 3031 et
365 2969 542 3063 Antigenes,
556 2972 642 3051 eujus
663 2971 720 3031 sub
744 2971 870 3049 imperio
895 2969 1034 3049 phalanx

140 3060 207 3112 erat
220 3051 436 3124 Macedonum,
450 3051 597 3112 invidiam
610 3071 727 3123 verens,
741 3071 833 3130 quam
846 3060 947 3112 tamen
962 3051 1034 3110 eliis·

140 3152 211 3210 gere
224 3152 285 3191 non
300 3130 410 3210 potuit,
424 3130 450 3190 si
470 3131 569 3209 potius
590 3131 600 3190 i
674 3130 844 3209 alienigena
856 3129 967 3192 summi
981 3130 1034 3190 im·
1047 3127 1087 3190 35

141 3211 219 3290 perii
239 3211 399 3290 potiretur,
420 3231 512 3303 quam
533 3211 586 3270 alii
601 3152 820 3281 fficedonum,
841 3228 970 3287 quorum
991 3209 1034 3267 ibi

142 3299 208 3352 erat
221 3291 407 3350 multitudo:
429 3310 462 3349 1n
483 3289 641 3369 principiis
654 3287 826 3346 Alexandri
849 3285 971 3343 nomine
992 3294 1036 3342 ta·

141 3368 344 3431 bernaculum
371 3369 488 3440 stetrrit,
509 3369 540 3427 in
565 3386 661 3443 eoque
683 3363 789 3423 sellam
816 3377 940 3420 auream
968 3379 1036 3446 cum

142 3459 260 3528 sceptro
271 3469 308 3509 ac
319 3448 492 3508 diademate
497 3447 588 3524 jussit
597 3442 681 3522 poni,
689 3457 782 3514 eoque
792 3453 894 3496 0111nee
905 3434 1039 3507 qu0i¹d¹0

857 3763 861 3765 x
902 3749 1050 3764 -ῌ
