2475 3792
161 247 203 311 32
438 261 651 311 conanum
680 262 874 310 narorrs.

213 440 276 482 esse
295 419 456 501 perlatum,
476 420 564 501 petiit
586 441 605 480 a
626 419 835 493 Pharnabazo,
848 428 884 480 ut
905 419 947 480 ad
969 419 1100 500 ephoros

213 501 270 561 sibi
298 502 500 562 testimonium
529 501 624 574 daret,
652 512 767 579 quanta
792 502 954 560 sanctitate
981 500 1100 560 bellum

213 582 348 660 gessisset
369 582 521 660 sociosque
542 591 707 652 tractasset,
729 581 826 659 deque
846 600 882 641 ea
902 601 935 640 re
956 591 1100 641 accurate

213 661 372 722 scriberet:
393 682 535 740 magnam
557 661 638 720 enim
659 662 722 739 ejus
735 661 956 738 auctoritatem,
966 661 1002 720 in
1017 682 1053 720 ea
1067 682 1100 721 re

180 742 358 804 bfuturam.
399 740 483 801 Huic
508 742 560 801 ille
585 741 751 800 liberaliter
775 741 954 819 pollicetur3
982 740 1098 801 librum

212 823 358 900 grandem
372 821 476 882 multis
490 821 589 883 verbis
604 821 787 899 conseripsit,
802 821 834 878 in
848 820 958 900 quibus
971 823 1099 880 summis

213 923 282 961 eurn
293 902 351 962 fert
362 902 510 962 laudibus.
553 901 655 978 Quem
665 922 734 960 oum
746 901 863 979 legisset
873 900 1098 980 probassetque,

212 983 286 1042 dum
299 983 444 1062 signatur,
454 982 584 1041 alterum
594 981 661 1061 pari
670 981 887 1059 magnitudine,
896 989 984 1040 tauta
993 981 1099 1040 simili-

212 1063 318 1122 tudine
338 1072 372 1122 ut
393 1063 520 1122 discerni
541 1083 602 1121 non
623 1072 729 1140 posset,
743 1062 894 1139 signatum
913 1061 1050 1140 subjecit,
1065 1061 1098 1120 in

159 1143 198 1204 10
212 1164 272 1221 quo
286 1144 508 1203 accuratissime
521 1143 584 1222 ejus
599 1143 761 1202 avaritiam
776 1141 993 1220 perfidiamque
1011 1162 1098 1202 accu-

211 1232 301 1283 sarat.
343 1223 426 1282 Hinc
451 1223 609 1302 Lysander
631 1223 764 1299 domum,
777 1243 845 1280 cum
866 1222 998 1294 redisset,
1019 1231 1098 1300 post·
1133 1285 1138 1293 ‚

211 1324 303 1382 quam
318 1304 355 1364 de
368 1304 429 1363 suis
443 1304 531 1363 rebus
547 1303 638 1382 gestis
658 1303 740 1381 apud
757 1302 925 1360 maximum
939 1303 1098 1380 magistra·

211 1392 286 1455 tum,
302 1403 379 1462 quae
392 1383 540 1455 voluerat,
562 1383 691 1455 dixerat,
712 1382 875 1441 testimonii
895 1381 961 1441 loco
982 1382 1098 1441 librum

211 1484 230 1523 a
244 1463 442 1522 Pharnabazo
457 1464 563 1522 datum
577 1463 712 1523 tradidit.
754 1460 858 1533 Hune,
872 1471 1024 1533 summoto
1038 1462 1099 1540 Ly-

157 1542 197 1603 15
210 1543 330 1617 sandro,
351 1564 419 1602 cum
440 1543 545 1621 ephori
566 1552 750 1622 cognossent,
764 1542 821 1621 ipsi
836 1541 997 1620 legendum
1012 1542 1099 1601 dede-

211 1633 292 1685 runt.
334 1622 384 1684 Ita
397 1623 451 1685 ille
464 1624 640 1703 imprudens
654 1624 718 1702 ipse
729 1642 803 1684 suus
816 1621 877 1683 fuit
889 1631 1057 1682 accusator.

541 1901 768 1912 ...ιι-.-

398 2071 501 2183 vir.
532 2107 909 2182 ALCIBIADES.

550 2255 763 2295 --οο>οζοο--

250 2344 512 2418 LAnomrnnns,
540 2345 659 2406 Cliniae
686 2345 775 2417 filius,
802 2343 1005 2407 Atheniensis.
1058 2343 1098 2406 In

210 2427 268 2488 hoc
286 2439 414 2501 natura,
442 2427 515 2506 quid
543 2427 658 2486 efficere
685 2427 785 2505 possit,
812 2427 935 2488 videtur
960 2437 1096 2505 experta

212 2509 337 2568 Constat
350 2508 429 2567 enim
444 2508 523 2566 inter
536 2527 647 2578 omnes,
661 2507 714 2584 qui
734 2507 772 2564 de
790 2527 827 2566 eo
847 2507 1009 2566 memoriae
1030 2528 1097 2585 pro·

158 2591 197 2651 20
212 2589 363 2661 diderunt,
384 2587 461 2646 nihil
482 2587 536 2647 illo
557 2587 648 2645 fuisse
668 2585 865 2646 excellentius
884 2586 934 2647 vel
958 2587 990 2644 in
1011 2588 1096 2648 vitiis

212 2669 261 2730 vel
289 2669 321 2727 in
349 2667 521 2729 virtutibus.
564 2666 663 2726 Natus
691 2667 722 2724 in
750 2666 936 2744 amplissima
963 2666 1095 2738 civitate,

212 2768 328 2809 summo
342 2768 458 2826 genere,
473 2747 607 2806 omnium
629 2747 736 2806 aetatis
752 2766 823 2805 suae
837 2747 934 2805 multo
948 2747 1096 2806 formosis·

212 2831 313 2900 simus,
322 2829 363 2888 ad
376 2848 478 2887 omnes
493 2847 538 2886 res
552 2836 642 2906 aptus
656 2827 831 2905 consiliique
845 2826 960 2905 plenus.
1002 2825 1096 2886 Narn-

213 2929 271 2987 que
285 2909 448 2987 imperator
461 2907 519 2966 fuit.
533 2927 667 2967 summus
679 2917 708 2966 et
719 2908 796 2966 mari
807 2916 837 2966 et
846 2915 943 2977 terra;
958 2906 1096 2979 disertus,

159 2991 198 3050 25
212 2999 247 3048 ut
269 2989 299 3047 in
322 2988 427 3067 primis
449 2987 575 3047 dicendo
588 2987 713 3059 valeret,
728 2988 808 3066 quod
829 2996 915 3047 tanta
934 2996 1000 3046 erat
1018 3007 1097 3046 eom-

212 3069 365 3128 mendatio
387 3068 447 3127 oris
469 3076 559 3145 atque
580 3068 733 3140 orationis,
756 3076 790 3127 ut
812 3087 899 3126 nemo
920 3066 948 3126 ei
968 3067 1096 3126 dicendo

212 3156 310 3227 posset
331 3148 481 3218 resistere;
502 3147 602 3218 dives3
624 3167 693 3206 cum
713 3157 832 3225 tempus
851 3155 993 3226 posceret,
1015 3146 1097 3206 labo

213 3229 316 3299 riosus,
340 3227 467 3305 patiens,
491 3225 634 3298 liberalis,
658 3226 835 3304 splendidus
858 3248 919 3287 non
943 3227 1044 3286 minus
1064 3228 1098 3285 in

213 3307 278 3367 vita
291 3326 381 3383 quarn
392 3306 494 3377 victu;
509 3305 647 3377 affabilis,
661 3305 800 3378 blandus,
815 3306 999 3384 temporibus
1013 3307 1098 3366 calli-

159 3384 199 3446 30
213 3386 333 3445 dissime
360 3385 530 3445 inserviens.
573 3385 668 3457 Idem,
693 3385 783 3443 simul
811 3405 847 3445 ac
874 3406 905 3445 se
931 3387 1098 3459 remiserat,

212 3484 309 3542 neque
323 3484 413 3523 causa
427 3463 558 3534 suberat,
571 3484 666 3541 quare
685 3465 780 3522 animi
793 3464 928 3526 laborem
941 3467 1098 3544 perferret,
