2475 3792
487 275 738 326 nauarent.
1051 261 1114 328 103

206 432 249 496 X.
269 433 319 496 Sic
339 434 526 497 conservatis
545 435 607 496 suis
624 434 722 510 rebus,
737 434 864 510 Poenus,
879 433 976 497 illusis
990 434 1060 498 One·

164 514 299 576 tensibus
318 517 470 590 omnibus,
484 517 524 577 ad
545 517 685 577 Prusiam
706 517 738 576 in
759 517 892 577 Pontum
911 518 1058 596 pervenit,

164 596 247 674 apud
268 617 359 675 quem
383 597 490 656 eodem
514 597 616 657 animo
637 597 697 657 fuit
717 617 788 676 erga
809 597 942 670 Italiam,
962 617 1058 677 neque

164 676 249 735 aliud
264 676 434 755 quidquam
448 677 510 755 egit
521 698 612 755 quam
628 697 727 756 regem
739 677 871 738 armavit
882 686 912 736 et
922 678 1058 737 exercuit

163 756 309 816 adversus
329 756 493 816 Romanos.
535 756 637 832 Quem
662 777 732 817 cum
754 757 869 817 videret
889 757 1058 818 domesticis
1092 759 1111 818 5

162 834 253 895 rebus
267 836 369 895 minus
381 856 444 895 esse
458 836 626 909 robustum,
640 836 821 896 conciliabat
842 845 953 896 ceteros
974 858 1057 916 reges

161 915 410 995 adjungebatque
423 915 581 976 bellicosas
595 917 739 976 nationes.
781 916 955 977 Dissidebat
969 917 1008 976 ab
1022 938 1057 978 eo

162 995 371 1074 Pergamenus
398 1016 455 1055 rex
482 996 643 1068 Eumenes,
671 996 817 1056 Romanis
851 997 1056 1070 amicissimus,

161 1074 340 1154 bellumque
353 1076 433 1135 inter
446 1097 496 1136 eos
510 1076 672 1155 gerebatur
692 1086 722 1137 et
743 1077 820 1136 mari
834 1085 864 1136 et
878 1085 975 1149 terra3
996 1098 1056 1156 quo

159 1156 259 1234 magis
280 1155 424 1234 cupiebat
443 1176 513 1216 eum
535 1156 694 1216 Hannibal
716 1157 855 1236 opprimi.
897 1156 955 1217 Sed
977 1159 1110 1220 utro-10

158 1235 253 1314 bique
281 1235 435 1296 Eumenes
461 1236 531 1315 plus
551 1236 675 1298 valebat
701 1243 824 1316 prop'ter
849 1237 1056 1298 Romanorum

158 1317 354 1388 societatem
375 1337 465 1395 quem
479 1319 505 1376 si
526 1317 707 1389 removisset,
721 1317 859 1377 faciliora
879 1317 936 1377 sibi
957 1327 1056 1378 cetera

158 1396 224 1456 fore
248 1396 467 1456 arbitrabatur.
509 1396 562 1456 Ad
585 1397 668 1456 hunc
696 1397 936 1457 interficiendum
963 1398 1056 1457 talem

158 1477 230 1537 iniit
243 1477 403 1536 rationem.
445 1476 547 1537 Classe
560 1477 665 1555 paucis
679 1477 784 1537 diebus
798 1487 885 1537 erant
898 1478 1054 1539 decreturi.

159 1556 373 1636 Superabatur
399 1558 526 1619 navium
553 1557 767 1630 multitudine3
795 1558 865 1618 dolo
890 1567 955 1618 erat
982 1579 1055 1637 pug·
1071 1559 1108 1618 15

158 1637 310 1709 nandum,
321 1657 391 1697 cum
405 1657 462 1716 par
475 1658 536 1697 nou
550 1647 626 1698 esset
639 1637 739 1698 armis.
781 1637 949 1716 Imperavit
963 1659 1055 1717 quam

159 1717 311 1796 plurimas
326 1728 489 1778 venenatas
509 1727 661 1796 serpentes
674 1717 761 1779 vivas
783 1719 885 1797 colligi
900 1738 1008 1798 easque
1023 1719 1054 1777 in

158 1818 235 1859 vasa
245 1797 354 1857 fictilia
365 1798 481 1876 conjici.
517 1798 640 1857 Harum
649 1819 718 1858 cum
729 1799 903 1858 confecisset
913 1819 1055 1880 magnam

159 1878 401 1950 multitudinem,
412 1877 461 1937 die
472 1878 545 1957 ipso,
557 1899 617 1956 quo
628 1879 763 1938 facturus
774 1888 839 1938 erat
853 1879 961 1941 navale
972 1899 1055 1958 proe-

159 1958 248 2031 lium,
262 1958 432 2018 classiarios
446 1968 601 2030 convocat,
613 1959 718 2037 hisque
732 1958 1005 2038 praecipit-omnes
1019 1967 1055 2018 ut
1070 1961 1108 2021 20

159 2039 193 2097 in
207 2059 303 2098 unam
317 2038 464 2097 Eumenis
477 2039 556 2118 regis
576 2048 758 2099 concurrant
778 2059 896 2111 navem,
911 2060 930 2098 a
951 2039 1055 2098 ceteris

159 2127 283 2179 tantum
306 2119 380 2178 satis
401 2118 534 2178 habeant
555 2139 587 2178 se
607 2119 775 2178 defendere.
817 2118 855 2178 Id
877 2119 946 2178 illos
966 2119 1055 2178 facile

159 2199 347 2279 serpentium
375 2198 573 2258 multitudine
596 2207 815 2259 consecuturos.
857 2199 926 2258 Rex
953 2207 1055 2258 autem

159 2279 192 2337 in
206 2299 269 2358 qua
282 2299 362 2340 nave
376 2279 545 2351 veheretur,
560 2286 594 2339 ut
607 2279 726 2351 scirent,
737 2299 768 2339 se
782 2279 950 2349 facturum
965 2298 1055 2358 quem

158 2359 184 2418 si
198 2369 254 2419 aut
268 2360 415 2438 cepissent
436 2369 490 2419 aut
511 2359 736 2431 interfecissent,
750 2379 860 2438 magno
875 2359 921 2420 his
935 2358 1055 2438 pollice
1070 2363 1108 2422 25

158 2448 210 2499 tur
224 2440 359 2518 praemio
374 2439 445 2499 fore.

199 2519 261 2580 Xr.
291 2518 361 2579 Tali
385 2519 597 2580 cohortatione·
618 2519 751 2579 militum
775 2517 865 2593 facta,
889 2519 991 2581 classis
1015 2519 1055 2580 ab

159 2601 296 2679 utrisque
316 2599 349 2658 in
370 2601 519 2678 proelium
538 2601 707 2660 deducitur.
749 2601 889 2676 Quarum
910 2601 974 2660 acie
988 2621 1055 2660 oon·

159 2681 276 2752 stituta‚
288 2680 464 2758 priusquam
476 2681 595 2758 signum
607 2700 728 2758 pugnae
739 2681 872 2754 daretur,
884 2680 1053 2753 Hannibal,

159 2770 194 2820 ut
216 2760 320 2839 palam
343 2759 456 2820 faceret
477 2761 547 2832 suis,
566 2781 627 2838 quo
652 2760 718 2819 loco
741 2761 891 2823 Eumenes
914 2769 997 2833 esset,
1011 2770 1054 2820 ta·
1069 2763 1108 2824 30

160 2839 324 2900 bellarium
337 2840 370 2898 in
381 2840 494 2918 scapha
505 2861 574 2899 cum
586 2840 717 2899 caduceo
729 2841 830 2900 mittit.
873 2841 935 2916 Qui
951 2839 1002 2899 ubi
1014 2840 1054 2900 ad

161 2941 254 2981 naves
264 2920 506 2980 adversariorum
516 2919 889 3000 pervenit,epistolamque
897 2921 1054 2980 ostendens

159 3021 190 3060 se
204 3020 308 3078 regem
323 3000 473 3078 professus
489 3010 533 3059 est
547 3019 700 3079 quaerere,
715 3000 817 3058 statim
832 3001 871 3060 ad
887 3001 1054 3060 Eumenem

159 3081 309 3140 deductus
330 3088 384 3151 est,
399 3080 480 3158 quod
501 3100 588 3139 nemo
610 3078 779 3151 dubitabat,
794 3081 868 3158 quin
887 3079 1002 3156 aliquid
1017 3081 1055 3140 de

159 3180 235 3239 pace
249 3169 326 3219 esset
339 3159 495 3238 scriptum.
537 3157 737 3229 Tabellarius,
753 3159 837 3218 ducis
858 3179 935 3218 nave
957 3159 1054 3220 decla·
1069 3159 1107 3220 35

159 3240 314 3311 retusum,
330 3239 445 3310 eodem,
459 3239 539 3297 unde
554 3247 619 3298 erat
640 3257 782 3314 egressus,
796 3259 827 3297 se
848 3239 967 3313 recepit.
1009 3240 1054 3298 At

159 3320 322 3390 Eumenes,
343 3317 443 3376 soluta
470 3317 606 3396 epistola,
628 3315 706 3372 nihil
734 3315 767 3372 in
793 3336 829 3374 ea
857 3315 975 3390 reperit,
996 3317 1054 3372 nisi

161 3400 242 3479 quod
256 3399 296 3458 ad
311 3397 500 3456 irridendum
514 3415 584 3454 eum
598 3394 769 3470 pertineret.
811 3392 905 3466 Cujus
918 3390 972 3445 etsi
987 3410 1055 3447 cau·

160 3499 225 3540 sam
244 3476 424 3550 mirabatur,
438 3493 536 3552 neque
556 3469 772 3550 reperiebatur,
784 3477 887 3528 tamen
907 3465 1055 3540 proelium
