2475 3792
467 273 689 322 mannans
1036 251 1079 316 87

123 423 262 502 decidi.”¹
283 425 399 508 Neque
421 429 457 490 id
480 430 601 492 falsum.
642 429 725 490 Nam
745 438 776 490 et
795 429 944 508 dignitate
963 427 1024 489 fuit

122 504 240 566 honesta
255 515 287 567 et
300 508 425 570 viribus
440 511 483 571 ad
497 511 634 572 laborem
644 510 802 570 ferendum
811 510 915 582 firmis,
926 529 1023 589 neque

121 591 180 643 tam
193 606 306 664 magno
319 609 458 668 corpore
472 613 564 671 quam
579 591 679 670 figura
692 599 828 653 venusta

161 661 238 722 XII.
268 664 319 724 De
348 667 411 727 hoc
438 670 614 746 Antigonus
642 688 710 726 curn
737 667 818 726 solus
838 666 1018 726 constituere

123 759 180 798 non
217 744 358 817 auderet,
397 748 443 806 ad
481 748 642 806 consilium
681 746 792 805 retulit
847 745 910 803 Hic
948 765 1018 804 eum
1052 746 1072 804 5

120 837 217 880 omnes
238 823 343 900 primo
367 826 547 904 perturbati
569 825 802 898 admirarentur,
819 845 880 886 non
896 825 962 905 jam
984 825 1023 886 de

120 918 152 958 eo
171 911 333 980 sumptum
357 925 427 966 esse
451 906 644 985 supplicium,
659 927 678 966 a
691 926 750 985 quo
772 914 819 966 tot
837 925 933 966 annos
946 905 1022 966 adeo

120 989 212 1040 essent
225 982 310 1044 male
328 984 447 1058 habiti,
461 996 496 1046 ut
516 1007 604 1064 saepe
617 986 659 1046 ad
672 985 909 1064 desperationem
923 985 1022 1046 forent

120 1059 250 1135 adducti,
262 1064 385 1144 quique
400 1066 551 1126 maximos
565 1066 656 1126 duces
669 1066 878 1138 interfecisset3
892 1064 1021 1144 denique

120 1137 150 1197 in
164 1160 223 1218 quo
241 1163 307 1204 uno
329 1156 413 1208 esset
433 1155 564 1220 tantum,
577 1155 623 1220 ut,
636 1146 736 1225 quoad
757 1146 810 1206 ille
824 1146 948 1216 viveret,
962 1145 1020 1224 ipsi
1035 1142 1073 1204 1⁰

121 1221 213 1280 securi
229 1243 295 1284 esse
308 1246 379 1286 non
393 1236 524 1307 possent,
538 1226 704 1299 interfecto,
718 1226 796 1285 nihil
816 1225 951 1286 habituri
971 1245 1020 1284 ne·

121 1300 193 1376 gotii
206 1314 326 1378 essent3
349 1316 513 1387 postremo,
527 1307 552 1367 si
569 1307 616 1366 illi
630 1307 768 1367 redderet
780 1305 918 1379 salutem,
931 1325 1020 1385 quae

122 1378 235 1456 rebant,
254 1386 376 1464 quibus
398 1387 502 1448 amicis
524 1397 599 1448 esset
620 1407 747 1447 usurus:
768 1407 830 1447 sese
851 1386 1019 1447 enimcum

123 1456 258 1524 Eumene
281 1468 373 1546 apud
395 1487 465 1527 eum
486 1487 548 1528 non
565 1467 691 1528 futuros.
725 1467 804 1539 'Hic,
818 1467 939 1546 cognita
953 1487 1018 1527 eon-

123 1538 181 1599 silii
193 1544 371 1621 voluntate,
385 1558 489 1609 tamen
510 1568 604 1627 usque
625 1548 666 1607 ad
687 1568 718 1607 se
740 1549 848 1608 timum
870 1547 949 1608 diem
971 1547 1019 1606 de
1033 1538 1072 1606 15

124 1615 274 1712 liberandi
300 1628 363 1688 sibi
387 1629 520 1706 spatium
543 1628 675 1721 reliquit
716 1569 796 1688 lum
818 1636 929 1700 autem,
949 1647 1018 1687 cum

129 1719 193 1777 Jam
206 1718 379 1781 vereretur,
392 1728 432 1768 ne
453 1728 514 1787 qua
535 1709 643 1768 seditio
656 1708 807 1768 exercitus
819 1707 956 1780 oriretur,
970 1728 1019 1768 ve·

126 1780 184 1841 tuit
210 1805 402 1867 quemquam
429 1788 469 1848 ud
500 1809 569 1848 eum
603 1788 726 1849 admitti
751 1796 782 1848 et
808 1787 1019 1866 quotidianum

127 1860 239 1924 victum
268 1867 422 1929 removeri
444 1869 542 1947 jussit.
584 1868 667 1928 Nam
691 1867 820 1961 negebat
846 1888 877 1927 se
903 1866 931 1926 ei
955 1867 1017 1928 vim

128 1939 306 2021 allaturum,
317 1948 371 2027 qui
384 1948 550 2026 aliquando
559 1948 665 2008 fuisset
678 1968 802 2008 amiqua
843 1946 906 2007 Hic
916 1955 1018 2007 tamen
1033 1945 1072 2006 20

128 2039 186 2082 non
196 2029 333 2106 amplius
341 2049 434 2107 quam
444 2029 581 2088 triduum
589 2029 670 2088 fame
680 2028 833 2106 fatigatus,
842 2047 911 2088 cum
920 2036 1019 2088 eastra

129 2117 332 2244 ffiqurentur,
345 2108 490 2170 insciente
503 2108 670 2189 Antigono,
685 2107 845 2188 jugulatus
865 2115 909 2169 est
922 2127 942 2168 a
954 2128 1019 2169 cus·

181 2205 190 2242 1
212 2207 257 2250 us.

167 2262 264 2330 XIH.
286 2267 341 2330 sio·
359 2268 511 2330 Eumenes
530 2289 681 2330 annorum
701 2269 835 2349 quinque
847 2278 878 2330 et
891 2269 1019 2350 quadra

131 2341 222 2421 ginta,
235 2370 308 2410 cum
329 2349 370 2409 ab
392 2371 473 2410 anno
486 2350 637 2422 vicesimo,
655 2357 691 2409 ut
711 2369 804 2428 supra
825 2350 1017 2423 ostendimus,
1031 2347 1071 2408 25

131 2440 160 2482 se
180 2435 242 2489 tem
264 2449 361 2490 annos
383 2429 527 2509 Philippo
547 2429 745 2508 apparuisset,
767 2430 910 2491 tredecim
934 2430 1017 2508 apud

132 2445 344 2570 Alexandrum
358 2509 487 2569 eundem
501 2509 601 2571 locum
615 2509 802 2584 obtinuisset,
815 2511 848 2571 in
861 2511 908 2571 his
922 2531 1019 2570 unum

132 2587 266 2725 ffluitum
299 2589 369 2649 alae
402 2589 587 2668 praefixisset,
615 2598 685 2669 post
716 2600 818 2652 autem
845 2590 1019 2652 Alexandri

165 2669 237 2749 agni
259 2678 390 2729 mortem
406 2669 578 2748 imperator
600 2671 750 2731 exereitus
773 2671 916 2744 duxisset,
940 2691 1019 2731 sum·

132 2763 252 2828 mosque
265 2749 358 2809 duces
372 2750 484 2827 partim
498 2751 666 2829 repulisset,
680 2751 793 2829 partim
813 2752 1017 2825 interfecisset,
1031 2747 1072 2809 30

133 2839 235 2908 eaptus
248 2849 311 2889 non
324 2827 475 2908 Antigoni
488 2832 611 2904 virtute,
625 2831 677 2891 sed
698 2831 900 2893 Macedonum
920 2832 1018 2911 perju-

133 2906 184 2983 rio,
209 2909 306 2970 talem
333 2907 443 2969 habuit
468 2911 586 2971 exitum
611 2912 701 2973 vitae.
750 2911 789 2971 In
815 2934 875 2993 quo
903 2921 1019 2992 quanta

133 2990 265 3050 omnium
284 2988 378 3049 fuerit
398 2990 498 3068 opinio
521 3012 636 3064 eorum,
649 2991 702 3070 qui
724 3002 791 3070 post
805 2992 1019 3053 Alexandrum

133 3065 281 3148 Magnum
294 3089 379 3147 reges
392 3079 463 3130 sunt
476 3071 634 3210 appqllati,
644 3091 684 3130 ex
697 3069 755 3131 hoc
765 3073 911 3133 facillime
960 3082 1019 3134 test

138 3149 279 3229 judicari,
293 3148 376 3227 quod
398 3169 494 3222 nemo,
569 3170 656 3209 mene
669 3151 749 3223 vivo,
770 3172 825 3213 rex
847 3173 926 3230 appe
939 3152 1019 3213 latus
1032 3147 1072 3209 35

133 3239 182 3303 est,
194 3229 249 3290 sed
263 3228 451 3307 praefectus;
472 3230 564 3289 iidem
577 3237 646 3307 post
659 3229 750 3307 hujus
763 3252 902 3290 occasum
916 3233 1019 3292 statim

134 3310 247 3390 regium
262 3316 405 3368 ornatum
418 3328 587 3386 nomenque
603 3318 804 3383 sumpserunt,
818 3328 924 3383 neque,
938 3311 1020 3383 quod

134 3391 217 3452 initio
236 3388 461 3468 praedicarant,
475 3408 506 3446 se
519 3384 693 3446 Alexandri
706 3384 809 3443 liberis
823 3403 949 3457 regnum
962 3403 1020 3440 ser-

134 3493 213 3545 vare,
225 3476 383 3551 praestare
395 3467 569 3538 voluerunt,
582 3471 624 3535 et,
636 3482 698 3522 uno
717 3466 942 3539 propugnatore
953 3459 1021 3516 sun
