<?xml version="1.0" encoding="UTF-8"?>
<!DOCTYPE html PUBLIC "-//W3C//DTD XHTML 1.0 Transitional//EN"
    "http://www.w3.org/TR/xhtml1/DTD/xhtml1-transitional.dtd">
<html xmlns="http://www.w3.org/1999/xhtml" xml:lang="en" lang="en">
 <head>
  <title>
</title>
<meta http-equiv="Content-Type" content="text/html;charset=utf-8" />
  <meta name='ocr-system' content='tesseract 3.04.00' />
  <meta name='ocr-capabilities' content='ocr_page ocr_carea ocr_par ocr_line ocrx_word'/>
</head>
<body>
  <div class='ocr_page' id='page_1' title='image "./corneliinepotis27nepogoog_0075.png"; bbox 0 0 2475 3792; ppageno 0'>
   <div class='ocr_carea' id='block_1_1' title="bbox 171 269 879 351">
    <p class='ocr_par' dir='ltr' id='par_1_1' title="bbox 171 269 879 351">
     <span class='ocr_line' id='line_1_1' title="bbox 171 269 879 351; baseline -0.007 -16"><span class='ocrx_word' id='word_1_1' title='bbox 171 269 213 335; x_wconf 87' lang='grc'>70</span> <span class='ocrx_word' id='word_1_2' title='bbox 438 287 652 334; x_wconf 82' lang='lat' dir='ltr'>connnnrr</span> <span class='ocrx_word' id='word_1_3' title='bbox 682 285 879 351; x_wconf 47' lang='lat' dir='ltr'>unrorm,</span> 
     </span>
    </p>
   </div>
   <div class='ocr_carea' id='block_1_2' title="bbox 168 440 1115 3484">
    <p class='ocr_par' dir='ltr' id='par_1_2' title="bbox 222 440 1113 602">
     <span class='ocr_line' id='line_1_2' title="bbox 222 440 1113 522; baseline -0.006 -17"><span class='ocrx_word' id='word_1_4' title='bbox 222 465 312 505; x_wconf 76' lang='lat' dir='ltr'>araus</span> <span class='ocrx_word' id='word_1_5' title='bbox 326 452 371 505; x_wconf 88' lang='lat' dir='ltr'>est</span> <span class='ocrx_word' id='word_1_6' title='bbox 383 444 422 505; x_wconf 89' lang='lat' dir='ltr'>de</span> <span class='ocrx_word' id='word_1_7' title='bbox 435 465 470 504; x_wconf 93' lang='lat' dir='ltr'>eo</span> <span class='ocrx_word' id='word_1_8' title='bbox 483 443 561 504; x_wconf 87' lang='lat' dir='ltr'>ferre</span> <span class='ocrx_word' id='word_1_9' title='bbox 578 442 763 522; x_wconf 75' lang='lat' dir='ltr'>suhi-agium</span> <span class='ocrx_word' id='word_1_10' title='bbox 804 441 855 502; x_wconf 82' lang='lat' dir='ltr'>Sic</span> <span class='ocrx_word' id='word_1_11' title='bbox 868 463 887 501; x_wconf 89' lang='lat' dir='ltr'>a</span> <span class='ocrx_word' id='word_1_12' title='bbox 895 441 1013 521; x_wconf 90' lang='lat' dir='ltr'>judicio</span> <span class='ocrx_word' id='word_1_13' title='bbox 1027 440 1113 520; x_wconf 87' lang='lat' dir='ltr'>capi·</span> 
     </span>
     <span class='ocr_line' id='line_1_3' title="bbox 222 523 676 602; baseline 0 -18"><span class='ocrx_word' id='word_1_14' title='bbox 222 524 261 584; x_wconf 89' lang='lat' dir='ltr'>tis</span> <span class='ocrx_word' id='word_1_15' title='bbox 275 525 411 584; x_wconf 84' lang='lat' dir='ltr'>maxima</span> <span class='ocrx_word' id='word_1_16' title='bbox 425 524 558 584; x_wconf 77' lang='lat' dir='ltr'>discessit</span> <span class='ocrx_word' id='word_1_17' title='bbox 571 523 676 602; x_wconf 82' lang='lat' dir='ltr'>gloria</span> 
     </span>
    </p>

    <p class='ocr_par' dir='ltr' id='par_1_3' title="bbox 168 601 1113 1886">
     <span class='ocr_line' id='line_1_4' title="bbox 263 601 1113 681; baseline -0.006 -17"><span class='ocrx_word' id='word_1_18' title='bbox 263 604 323 665; x_wconf 92' lang='lat' dir='ltr'>IX.</span> <span class='ocrx_word' id='word_1_19' title='bbox 345 603 407 665; x_wconf 91' lang='lat' dir='ltr'>Hic</span> <span class='ocrx_word' id='word_1_20' title='bbox 428 613 562 664; x_wconf 84' lang='lat' dir='ltr'>extremo</span> <span class='ocrx_word' id='word_1_21' title='bbox 582 613 717 681; x_wconf 88' lang='lat' dir='ltr'>tempore</span> <span class='ocrx_word' id='word_1_22' title='bbox 735 602 900 681; x_wconf 88' lang='lat' dir='ltr'>imperator</span> <span class='ocrx_word' id='word_1_23' title='bbox 917 601 1000 679; x_wconf 92' lang='lat' dir='ltr'>apud</span> <span class='ocrx_word' id='word_1_24' title='bbox 1018 601 1113 660; x_wconf 86' lang='lat' dir='ltr'>Man-</span> 
     </span>
     <span class='ocr_line' id='line_1_5' title="bbox 222 681 1111 754; baseline -0.004 -10"><span class='ocrx_word' id='word_1_25' title='bbox 222 684 336 744; x_wconf 82' lang='lat' dir='ltr'><strong>tineam</strong></span> <span class='ocrx_word' id='word_1_26' title='bbox 357 705 426 745; x_wconf 92' lang='lat' dir='ltr'>cum</span> <span class='ocrx_word' id='word_1_27' title='bbox 446 684 510 744; x_wconf 89' lang='lat' dir='ltr'>acie</span> <span class='ocrx_word' id='word_1_28' title='bbox 530 683 677 744; x_wconf 86' lang='lat' dir='ltr'>instructa</span> <span class='ocrx_word' id='word_1_29' title='bbox 697 683 842 742; x_wconf 91' lang='lat' dir='ltr'>audacius</span> <span class='ocrx_word' id='word_1_30' title='bbox 860 681 985 741; x_wconf 82' lang='lat' dir='ltr'>instaret</span> <span class='ocrx_word' id='word_1_31' title='bbox 997 681 1111 754; x_wconf 75' lang='lat' dir='ltr'>hostes,</span> 
     </span>
     <span class='ocr_line' id='line_1_6' title="bbox 189 761 1111 843; baseline -0.009 -15"><span class='ocrx_word' id='word_1_32' title='bbox 189 765 360 843; x_wconf 76' lang='lat' dir='ltr'>deognitus</span> <span class='ocrx_word' id='word_1_33' title='bbox 383 786 402 824; x_wconf 90' lang='lat' dir='ltr'>a</span> <span class='ocrx_word' id='word_1_34' title='bbox 426 763 783 842; x_wconf 83' lang='lat' dir='ltr'>Lacedaemoniis,un</span> <span class='ocrx_word' id='word_1_35' title='bbox 805 763 837 821; x_wconf 94' lang='lat' dir='ltr'>in</span> <span class='ocrx_word' id='word_1_36' title='bbox 858 761 948 820; x_wconf 91' lang='lat' dir='ltr'>unius</span> <span class='ocrx_word' id='word_1_37' title='bbox 972 761 1111 840; x_wconf 90' lang='lat' dir='ltr'>pernicie</span> 
     </span>
     <span class='ocr_line' id='line_1_7' title="bbox 222 840 1111 923; baseline -0.006 -18"><span class='ocrx_word' id='word_1_38' title='bbox 222 845 285 922; x_wconf 86' lang='lat' dir='ltr'>ejus</span> <span class='ocrx_word' id='word_1_39' title='bbox 313 844 430 923; x_wconf 85' lang='lat' dir='ltr'>patriae</span> <span class='ocrx_word' id='word_1_40' title='bbox 456 843 545 904; x_wconf 89' lang='lat' dir='ltr'>sitam</span> <span class='ocrx_word' id='word_1_41' title='bbox 572 842 723 921; x_wconf 90' lang='lat' dir='ltr'>putabant</span> <span class='ocrx_word' id='word_1_42' title='bbox 748 842 886 914; x_wconf 84' lang='lat' dir='ltr'>salutem,</span> <span class='ocrx_word' id='word_1_43' title='bbox 912 840 1045 901; x_wconf 87' lang='lat' dir='ltr'>universi</span> <span class='ocrx_word' id='word_1_44' title='bbox 1075 841 1111 900; x_wconf 91' lang='lat' dir='ltr'>in</span> 
     </span>
     <span class='ocr_line' id='line_1_8' title="bbox 223 921 1111 1003; baseline -0.005 -19"><span class='ocrx_word' id='word_1_45' title='bbox 223 945 318 984; x_wconf 92' lang='lat' dir='ltr'>unum</span> <span class='ocrx_word' id='word_1_46' title='bbox 341 924 488 1003; x_wconf 92' lang='lat' dir='ltr'>impetum</span> <span class='ocrx_word' id='word_1_47' title='bbox 512 923 656 995; x_wconf 87' lang='lat' dir='ltr'>fecerunt,</span> <span class='ocrx_word' id='word_1_48' title='bbox 676 942 773 1001; x_wconf 90' lang='lat' dir='ltr'>neque</span> <span class='ocrx_word' id='word_1_49' title='bbox 795 921 880 1001; x_wconf 89' lang='lat' dir='ltr'>prius</span> <span class='ocrx_word' id='word_1_50' title='bbox 901 921 1111 981; x_wconf 78' lang='lat' dir='ltr'>abscesserunt</span> 
     </span>
     <span class='ocr_line' id='line_1_9' title="bbox 221 1000 1111 1084; baseline -0.003 -20"><span class='ocrx_word' id='word_1_51' title='bbox 221 1025 314 1084; x_wconf 91' lang='lat' dir='ltr'>quam</span> <span class='ocrx_word' id='word_1_52' title='bbox 347 1025 459 1083; x_wconf 87' lang='lat' dir='ltr'>magna</span> <span class='ocrx_word' id='word_1_53' title='bbox 492 1004 591 1077; x_wconf 90' lang='lat' dir='ltr'>caede,</span> <span class='ocrx_word' id='word_1_54' title='bbox 618 1002 782 1080; x_wconf 91' lang='lat' dir='ltr'>multisque</span> <span class='ocrx_word' id='word_1_55' title='bbox 808 1001 919 1074; x_wconf 86' lang='lat' dir='ltr'>occisis,</span> <span class='ocrx_word' id='word_1_56' title='bbox 947 1000 1111 1061; x_wconf 71' lang='lat' dir='ltr'>fortissime</span> 
     </span>
     <span class='ocr_line' id='line_1_10' title="bbox 221 1081 1111 1164; baseline -0.006 -20"><span class='ocrx_word' id='word_1_57' title='bbox 221 1085 320 1164; x_wconf 92' lang='lat' dir='ltr'>ipsum</span> <span class='ocrx_word' id='word_1_58' title='bbox 335 1084 580 1163; x_wconf 86' lang='lat' dir='ltr'>Epaminondam</span> <span class='ocrx_word' id='word_1_59' title='bbox 594 1091 789 1162; x_wconf 84' lang='lat' dir='ltr'>pugnantem,</span> <span class='ocrx_word' id='word_1_60' title='bbox 802 1102 891 1160; x_wconf 90' lang='lat' dir='ltr'>sparo</span> <span class='ocrx_word' id='word_1_61' title='bbox 907 1081 1025 1141; x_wconf 91' lang='lat' dir='ltr'>eminus</span> <span class='ocrx_word' id='word_1_62' title='bbox 1040 1100 1111 1159; x_wconf 89' lang='lat' dir='ltr'>per·</span> 
     </span>
     <span class='ocr_line' id='line_1_11' title="bbox 168 1161 1112 1239; baseline -0.008 -11"><span class='ocrx_word' id='word_1_63' title='bbox 168 1167 207 1228; x_wconf 91' lang='lat'>10</span> <span class='ocrx_word' id='word_1_64' title='bbox 222 1186 350 1238; x_wconf 89' lang='lat' dir='ltr'>cussum,</span> <span class='ocrx_word' id='word_1_65' title='bbox 360 1164 516 1225; x_wconf 84' lang='lat' dir='ltr'>concidere</span> <span class='ocrx_word' id='word_1_66' title='bbox 526 1163 677 1225; x_wconf 88' lang='lat' dir='ltr'>viderunt.</span> <span class='ocrx_word' id='word_1_67' title='bbox 717 1161 820 1238; x_wconf 90' lang='lat' dir='ltr'>Hujus</span> <span class='ocrx_word' id='word_1_68' title='bbox 830 1181 901 1221; x_wconf 87' lang='lat' dir='ltr'>casu</span> <span class='ocrx_word' id='word_1_69' title='bbox 914 1161 1112 1239; x_wconf 86' lang='lat' dir='ltr'>aliquantum</span> 
     </span>
     <span class='ocr_line' id='line_1_12' title="bbox 222 1242 1110 1321; baseline -0.006 -16"><span class='ocrx_word' id='word_1_70' title='bbox 222 1245 368 1305; x_wconf 86' lang='lat' dir='ltr'>retardati</span> <span class='ocrx_word' id='word_1_71' title='bbox 381 1253 453 1304; x_wconf 92' lang='lat' dir='ltr'>sunt</span> <span class='ocrx_word' id='word_1_72' title='bbox 466 1243 601 1316; x_wconf 89' lang='lat' dir='ltr'>Boeotii;</span> <span class='ocrx_word' id='word_1_73' title='bbox 615 1262 713 1321; x_wconf 91' lang='lat' dir='ltr'>neque</span> <span class='ocrx_word' id='word_1_74' title='bbox 725 1251 828 1302; x_wconf 92' lang='lat' dir='ltr'>tamen</span> <span class='ocrx_word' id='word_1_75' title='bbox 841 1242 925 1320; x_wconf 89' lang='lat' dir='ltr'>prius</span> <span class='ocrx_word' id='word_1_76' title='bbox 937 1261 1042 1321; x_wconf 89' lang='lat' dir='ltr'>pugna</span> <span class='ocrx_word' id='word_1_77' title='bbox 1056 1261 1110 1300; x_wconf 86' lang='lat' dir='ltr'>ex·</span> 
     </span>
     <span class='ocr_line' id='line_1_13' title="bbox 222 1321 1111 1404; baseline -0.004 -19"><span class='ocrx_word' id='word_1_78' title='bbox 222 1334 381 1398; x_wconf 87' lang='lat' dir='ltr'>cesserunt,</span> <span class='ocrx_word' id='word_1_79' title='bbox 397 1345 488 1404; x_wconf 87' lang='lat' dir='ltr'>quam</span> <span class='ocrx_word' id='word_1_80' title='bbox 503 1332 705 1402; x_wconf 83' lang='lat' dir='ltr'>repugnantes</span> <span class='ocrx_word' id='word_1_81' title='bbox 717 1321 926 1402; x_wconf 88' lang='lat' dir='ltr'>profligarunt</span> <span class='ocrx_word' id='word_1_82' title='bbox 966 1321 1013 1381; x_wconf 92' lang='lat' dir='ltr'>At</span> <span class='ocrx_word' id='word_1_83' title='bbox 1025 1321 1111 1400; x_wconf 85' lang='lat' dir='ltr'>Epa·</span> 
     </span>
     <span class='ocr_line' id='line_1_14' title="bbox 221 1401 1110 1476; baseline -0.002 -12"><span class='ocrx_word' id='word_1_84' title='bbox 221 1405 380 1465; x_wconf 86' lang='lat' dir='ltr'>minondas</span> <span class='ocrx_word' id='word_1_85' title='bbox 394 1425 463 1464; x_wconf 89' lang='lat' dir='ltr'>cum</span> <span class='ocrx_word' id='word_1_86' title='bbox 477 1403 740 1476; x_wconf 81' lang='lat' dir='ltr'>animadverteret,</span> <span class='ocrx_word' id='word_1_87' title='bbox 752 1402 941 1461; x_wconf 85' lang='lat' dir='ltr'>mortiferum</span> <span class='ocrx_word' id='word_1_88' title='bbox 953 1421 985 1461; x_wconf 91' lang='lat' dir='ltr'>se</span> <span class='ocrx_word' id='word_1_89' title='bbox 994 1401 1110 1463; x_wconf 86' lang='lat' dir='ltr'>vulnus</span> 
     </span>
     <span class='ocr_line' id='line_1_15' title="bbox 222 1481 1110 1564; baseline -0.007 -18"><span class='ocrx_word' id='word_1_90' title='bbox 222 1485 378 1564; x_wconf 86' lang='lat' dir='ltr'>accepisse,</span> <span class='ocrx_word' id='word_1_91' title='bbox 388 1484 546 1563; x_wconf 90' lang='lat' dir='ltr'>simulque,</span> <span class='ocrx_word' id='word_1_92' title='bbox 556 1483 582 1544; x_wconf 89' lang='lat' dir='ltr'>si</span> <span class='ocrx_word' id='word_1_93' title='bbox 595 1483 719 1555; x_wconf 84' lang='lat' dir='ltr'>ferrum,</span> <span class='ocrx_word' id='word_1_94' title='bbox 733 1482 814 1562; x_wconf 91' lang='lat' dir='ltr'>quod</span> <span class='ocrx_word' id='word_1_95' title='bbox 828 1502 868 1542; x_wconf 89' lang='lat' dir='ltr'>ex</span> <span class='ocrx_word' id='word_1_96' title='bbox 881 1481 985 1541; x_wconf 89' lang='lat' dir='ltr'>hastili</span> <span class='ocrx_word' id='word_1_97' title='bbox 998 1481 1030 1540; x_wconf 92' lang='lat' dir='ltr'>in</span> <span class='ocrx_word' id='word_1_98' title='bbox 1044 1502 1110 1541; x_wconf 92' lang='lat' dir='ltr'>cor-</span> 
     </span>
     <span class='ocr_line' id='line_1_16' title="bbox 169 1562 1111 1646; baseline -0.008 -16"><span class='ocrx_word' id='word_1_99' title='bbox 169 1569 208 1630; x_wconf 83' lang='lat'>15</span> <span class='ocrx_word' id='word_1_100' title='bbox 222 1586 295 1646; x_wconf 90' lang='lat' dir='ltr'>pore</span> <span class='ocrx_word' id='word_1_101' title='bbox 316 1573 510 1637; x_wconf 85' lang='lat' dir='ltr'>remanserat,</span> <span class='ocrx_word' id='word_1_102' title='bbox 529 1563 719 1636; x_wconf 84' lang='lat' dir='ltr'>extraxisset,</span> <span class='ocrx_word' id='word_1_103' title='bbox 738 1562 873 1622; x_wconf 90' lang='lat' dir='ltr'>animam</span> <span class='ocrx_word' id='word_1_104' title='bbox 896 1563 1000 1622; x_wconf 92' lang='lat' dir='ltr'>statim</span> <span class='ocrx_word' id='word_1_105' title='bbox 1022 1562 1111 1622; x_wconf 88' lang='lat' dir='ltr'>emis·</span> 
     </span>
     <span class='ocr_line' id='line_1_17' title="bbox 221 1643 1109 1723; baseline -0.007 -16"><span class='ocrx_word' id='word_1_106' title='bbox 221 1666 336 1719; x_wconf 90' lang='lat' dir='ltr'>surum,</span> <span class='ocrx_word' id='word_1_107' title='bbox 357 1665 452 1723; x_wconf 91' lang='lat' dir='ltr'>usque</span> <span class='ocrx_word' id='word_1_108' title='bbox 475 1664 510 1705; x_wconf 92' lang='lat' dir='ltr'>eo</span> <span class='ocrx_word' id='word_1_109' title='bbox 535 1643 668 1715; x_wconf 89' lang='lat' dir='ltr'>retinuit,</span> <span class='ocrx_word' id='word_1_110' title='bbox 693 1643 793 1722; x_wconf 90' lang='lat' dir='ltr'>quoad</span> <span class='ocrx_word' id='word_1_111' title='bbox 820 1643 1026 1702; x_wconf 91' lang='lat' dir='ltr'>renuntiatum</span> <span class='ocrx_word' id='word_1_112' title='bbox 1051 1651 1109 1715; x_wconf 77' lang='lat' dir='ltr'>est,</span> 
     </span>
     <span class='ocr_line' id='line_1_18' title="bbox 221 1721 1111 1803; baseline -0.009 -14"><span class='ocrx_word' id='word_1_113' title='bbox 221 1727 328 1789; x_wconf 81' lang='lat' dir='ltr'>vicisse</span> <span class='ocrx_word' id='word_1_114' title='bbox 348 1724 495 1785; x_wconf 91' lang='lat' dir='ltr'>Boeotios.</span> <span class='ocrx_word' id='word_1_115' title='bbox 536 1723 575 1784; x_wconf 96' lang='lat' dir='ltr'>Id</span> <span class='ocrx_word' id='word_1_116' title='bbox 595 1731 756 1803; x_wconf 87' lang='lat' dir='ltr'>postquam</span> <span class='ocrx_word' id='word_1_117' title='bbox 774 1723 902 1796; x_wconf 86' lang='lat' dir='ltr'>audivit,</span> <span class='ocrx_word' id='word_1_118' title='bbox 917 1721 1050 1795; x_wconf 77' lang='lat' dir='ltr'>“Satis&#39;’</span> <span class='ocrx_word' id='word_1_119' title='bbox 1064 1723 1111 1781; x_wconf 91' lang='lat' dir='ltr'>in-</span> 
     </span>
     <span class='ocr_line' id='line_1_19' title="bbox 221 1802 1111 1886; baseline -0.004 -20"><span class='ocrx_word' id='word_1_120' title='bbox 221 1806 297 1886; x_wconf 91' lang='lat' dir='ltr'>quit,</span> <span class='ocrx_word' id='word_1_121' title='bbox 311 1809 329 1837; x_wconf 90' lang='lat'>“</span> <span class='ocrx_word' id='word_1_122' title='bbox 338 1805 421 1867; x_wconf 85' lang='lat' dir='ltr'>vixi:</span> <span class='ocrx_word' id='word_1_123' title='bbox 442 1804 574 1866; x_wconf 87' lang='lat' dir='ltr'>invictus</span> <span class='ocrx_word' id='word_1_124' title='bbox 587 1804 669 1864; x_wconf 91' lang='lat' dir='ltr'>enim</span> <span class='ocrx_word' id='word_1_125' title='bbox 682 1803 821 1864; x_wconf 88' lang='lat' dir='ltr'>morior.’&#39;</span> <span class='ocrx_word' id='word_1_126' title='bbox 862 1802 942 1862; x_wconf 82' lang='lat' dir='ltr'>Tum</span> <span class='ocrx_word' id='word_1_127' title='bbox 957 1803 1038 1864; x_wconf 87' lang='lat' dir='ltr'>ferro</span> <span class='ocrx_word' id='word_1_128' title='bbox 1056 1823 1111 1863; x_wconf 87' lang='lat' dir='ltr'>ex·</span> 
     </span>
    </p>

    <p class='ocr_par' dir='ltr' id='par_1_4' title="bbox 168 1885 1115 3484">
     <span class='ocr_line' id='line_1_20' title="bbox 221 1885 759 1946; baseline -0.006 0"><span class='ocrx_word' id='word_1_129' title='bbox 221 1895 318 1946; x_wconf 88' lang='lat' dir='ltr'>tracto</span> <span class='ocrx_word' id='word_1_130' title='bbox 333 1885 488 1945; x_wconf 85' lang='lat' dir='ltr'>confestim</span> <span class='ocrx_word' id='word_1_131' title='bbox 503 1885 694 1945; x_wconf 86' lang='lat' dir='ltr'>exanimatus</span> <span class='ocrx_word' id='word_1_132' title='bbox 707 1892 759 1943; x_wconf 79' lang='lat' dir='ltr'>est</span> 
     </span>
     <span class='ocr_line' id='line_1_21' title="bbox 168 1963 1112 2043; baseline -0.002 -17"><span class='ocrx_word' id='word_1_133' title='bbox 168 1971 208 2032; x_wconf 81' lang='grc'>20</span> <span class='ocrx_word' id='word_1_134' title='bbox 261 1967 305 2026; x_wconf 90' lang='grc' dir='ltr'>Χ.</span> <span class='ocrx_word' id='word_1_135' title='bbox 319 1965 383 2026; x_wconf 89' lang='lat' dir='ltr'>Hic</span> <span class='ocrx_word' id='word_1_136' title='bbox 396 1985 522 2025; x_wconf 85' lang='lat' dir='ltr'>uxorem</span> <span class='ocrx_word' id='word_1_137' title='bbox 535 1984 702 2042; x_wconf 90' lang='lat' dir='ltr'>numquam</span> <span class='ocrx_word' id='word_1_138' title='bbox 717 1963 814 2024; x_wconf 85' lang='lat' dir='ltr'>duxit.</span> <span class='ocrx_word' id='word_1_139' title='bbox 855 1963 894 2022; x_wconf 93' lang='lat' dir='ltr'>In</span> <span class='ocrx_word' id='word_1_140' title='bbox 908 1983 1051 2043; x_wconf 89' lang='lat' dir='ltr'>quocum</span> <span class='ocrx_word' id='word_1_141' title='bbox 1065 1985 1112 2024; x_wconf 92' lang='lat' dir='ltr'>re·</span> 
     </span>
     <span class='ocr_line' id='line_1_22' title="bbox 221 2044 1112 2127; baseline -0.001 -22"><span class='ocrx_word' id='word_1_142' title='bbox 221 2047 466 2127; x_wconf 87' lang='lat' dir='ltr'>prehenderetur,</span> <span class='ocrx_word' id='word_1_143' title='bbox 480 2045 562 2125; x_wconf 90' lang='lat' dir='ltr'>quod</span> <span class='ocrx_word' id='word_1_144' title='bbox 575 2044 685 2104; x_wconf 90' lang='lat' dir='ltr'>liberos</span> <span class='ocrx_word' id='word_1_145' title='bbox 704 2065 764 2104; x_wconf 92' lang='lat' dir='ltr'>non</span> <span class='ocrx_word' id='word_1_146' title='bbox 784 2044 975 2124; x_wconf 90' lang='lat' dir='ltr'>relinqueret,</span> <span class='ocrx_word' id='word_1_147' title='bbox 990 2065 1010 2104; x_wconf 89' lang='lat' dir='ltr'>a</span> <span class='ocrx_word' id='word_1_148' title='bbox 1024 2044 1112 2104; x_wconf 91' lang='lat' dir='ltr'>Pelo·</span> 
     </span>
     <span class='ocr_line' id='line_1_23' title="bbox 221 2123 1111 2207; baseline -0.003 -21"><span class='ocrx_word' id='word_1_149' title='bbox 221 2127 303 2207; x_wconf 88' lang='lat' dir='ltr'>pida,</span> <span class='ocrx_word' id='word_1_150' title='bbox 318 2126 370 2205; x_wconf 91' lang='lat' dir='ltr'>qui</span> <span class='ocrx_word' id='word_1_151' title='bbox 390 2125 488 2184; x_wconf 90' lang='lat' dir='ltr'>filium</span> <span class='ocrx_word' id='word_1_152' title='bbox 509 2124 642 2184; x_wconf 88' lang='lat' dir='ltr'>habebat</span> <span class='ocrx_word' id='word_1_153' title='bbox 661 2123 816 2197; x_wconf 89' lang='lat' dir='ltr'>infamem,</span> <span class='ocrx_word' id='word_1_154' title='bbox 830 2125 969 2203; x_wconf 90' lang='lat' dir='ltr'>maleque</span> <span class='ocrx_word' id='word_1_155' title='bbox 987 2145 1058 2185; x_wconf 90' lang='lat' dir='ltr'>eum</span> <span class='ocrx_word' id='word_1_156' title='bbox 1077 2125 1111 2184; x_wconf 95' lang='lat' dir='ltr'>in</span> 
     </span>
     <span class='ocr_line' id='line_1_24' title="bbox 221 2204 1111 2286; baseline -0.003 -18"><span class='ocrx_word' id='word_1_157' title='bbox 221 2227 256 2268; x_wconf 90' lang='lat' dir='ltr'>eo</span> <span class='ocrx_word' id='word_1_158' title='bbox 270 2207 387 2286; x_wconf 88' lang='lat' dir='ltr'>patriae</span> <span class='ocrx_word' id='word_1_159' title='bbox 400 2205 554 2266; x_wconf 89' lang='lat' dir='ltr'>consulere</span> <span class='ocrx_word' id='word_1_160' title='bbox 569 2204 691 2278; x_wconf 90' lang='lat' dir='ltr'>diceret,</span> <span class='ocrx_word' id='word_1_161' title='bbox 705 2208 723 2236; x_wconf 90' lang='lat'>“</span> <span class='ocrx_word' id='word_1_162' title='bbox 732 2204 841 2277; x_wconf 86' lang='lat' dir='ltr'>Vide,&#39;&#39;</span> <span class='ocrx_word' id='word_1_163' title='bbox 855 2205 964 2283; x_wconf 92' lang='lat' dir='ltr'>inquit,</span> <span class='ocrx_word' id='word_1_164' title='bbox 986 2209 1003 2234; x_wconf 91' lang='lat'><strong>“</strong></span> <span class='ocrx_word' id='word_1_165' title='bbox 1014 2225 1054 2264; x_wconf 92' lang='lat' dir='ltr'>ne</span> <span class='ocrx_word' id='word_1_166' title='bbox 1073 2213 1111 2265; x_wconf 90' lang='lat' dir='ltr'>tu</span> 
     </span>
     <span class='ocr_line' id='line_1_25' title="bbox 222 2284 1110 2366; baseline -0.001 -19"><span class='ocrx_word' id='word_1_167' title='bbox 222 2288 306 2366; x_wconf 85' lang='lat' dir='ltr'>pejus</span> <span class='ocrx_word' id='word_1_168' title='bbox 327 2286 473 2358; x_wconf 89' lang='lat' dir='ltr'>consulas,</span> <span class='ocrx_word' id='word_1_169' title='bbox 489 2285 541 2364; x_wconf 90' lang='lat' dir='ltr'>qui</span> <span class='ocrx_word' id='word_1_170' title='bbox 554 2285 649 2345; x_wconf 92' lang='lat' dir='ltr'>talem</span> <span class='ocrx_word' id='word_1_171' title='bbox 662 2305 702 2345; x_wconf 86' lang='lat' dir='ltr'>ex</span> <span class='ocrx_word' id='word_1_172' title='bbox 715 2292 746 2344; x_wconf 87' lang='lat' dir='ltr'>te</span> <span class='ocrx_word' id='word_1_173' title='bbox 759 2294 867 2344; x_wconf 91' lang='lat' dir='ltr'>natum</span> <span class='ocrx_word' id='word_1_174' title='bbox 880 2284 1041 2345; x_wconf 89' lang='lat' dir='ltr'>relicturus</span> <span class='ocrx_word' id='word_1_175' title='bbox 1059 2285 1110 2346; x_wconf 87' lang='lat' dir='ltr'>sis</span> 
     </span>
     <span class='ocr_line' id='line_1_26' title="bbox 168 2364 1111 2446; baseline -0.006 -15"><span class='ocrx_word' id='word_1_176' title='bbox 168 2371 208 2431; x_wconf 82' lang='lat'>25</span> <span class='ocrx_word' id='word_1_177' title='bbox 222 2367 330 2446; x_wconf 88' lang='lat' dir='ltr'>Neque</span> <span class='ocrx_word' id='word_1_178' title='bbox 342 2386 414 2427; x_wconf 86' lang='lat' dir='ltr'>vero</span> <span class='ocrx_word' id='word_1_179' title='bbox 434 2365 524 2443; x_wconf 88' lang='lat' dir='ltr'>stirps</span> <span class='ocrx_word' id='word_1_180' title='bbox 545 2374 643 2444; x_wconf 88' lang='lat' dir='ltr'>potest</span> <span class='ocrx_word' id='word_1_181' title='bbox 662 2365 739 2425; x_wconf 90' lang='lat' dir='ltr'>mihi</span> <span class='ocrx_word' id='word_1_182' title='bbox 759 2365 867 2425; x_wconf 80' lang='lat' dir='ltr'>deesse</span> <span class='ocrx_word' id='word_1_183' title='bbox 907 2364 1050 2444; x_wconf 92' lang='lat' dir='ltr'>Namque</span> <span class='ocrx_word' id='word_1_184' title='bbox 1069 2386 1111 2425; x_wconf 84' lang='lat' dir='ltr'>ex</span> 
     </span>
     <span class='ocr_line' id='line_1_27' title="bbox 222 2445 1111 2525; baseline 0 -20"><span class='ocrx_word' id='word_1_185' title='bbox 222 2467 271 2506; x_wconf 90' lang='lat' dir='ltr'>me</span> <span class='ocrx_word' id='word_1_186' title='bbox 291 2455 395 2505; x_wconf 90' lang='lat' dir='ltr'>natam</span> <span class='ocrx_word' id='word_1_187' title='bbox 415 2445 553 2524; x_wconf 90' lang='lat' dir='ltr'>relinquo</span> <span class='ocrx_word' id='word_1_188' title='bbox 574 2466 710 2524; x_wconf 88' lang='lat' dir='ltr'>pugnam</span> <span class='ocrx_word' id='word_1_189' title='bbox 730 2445 931 2518; x_wconf 85' lang='lat' dir='ltr'>Leuctricam,</span> <span class='ocrx_word' id='word_1_190' title='bbox 950 2466 1028 2525; x_wconf 89' lang='lat' dir='ltr'>quae</span> <span class='ocrx_word' id='word_1_191' title='bbox 1047 2465 1111 2505; x_wconf 92' lang='lat' dir='ltr'>non</span> 
     </span>
     <span class='ocr_line' id='line_1_28' title="bbox 221 2525 1112 2603; baseline -0.001 -16"><span class='ocrx_word' id='word_1_192' title='bbox 221 2527 311 2587; x_wconf 91' lang='lat' dir='ltr'>modo</span> <span class='ocrx_word' id='word_1_193' title='bbox 323 2526 398 2584; x_wconf 91' lang='lat' dir='ltr'>mihi</span> <span class='ocrx_word' id='word_1_194' title='bbox 411 2535 568 2603; x_wconf 78' lang='lat' dir='ltr'>superstes,</span> <span class='ocrx_word' id='word_1_195' title='bbox 579 2525 631 2585; x_wconf 90' lang='lat' dir='ltr'>sed</span> <span class='ocrx_word' id='word_1_196' title='bbox 646 2527 738 2586; x_wconf 91' lang='lat' dir='ltr'>etiam</span> <span class='ocrx_word' id='word_1_197' title='bbox 747 2526 926 2585; x_wconf 88' lang='lat' dir='ltr'>immortalis</span> <span class='ocrx_word' id='word_1_198' title='bbox 938 2526 978 2585; x_wconf 91' lang='lat' dir='ltr'>sit</span> <span class='ocrx_word' id='word_1_199' title='bbox 990 2546 1112 2586; x_wconf 78' lang='lat' dir='ltr'>necesse</span> 
     </span>
     <span class='ocr_line' id='line_1_29' title="bbox 221 2605 1112 2685; baseline 0 -19"><span class='ocrx_word' id='word_1_200' title='bbox 221 2606 292 2666; x_wconf 77' lang='lat' dir='ltr'>est.&#39;&#39;</span> <span class='ocrx_word' id='word_1_201' title='bbox 335 2605 406 2682; x_wconf 72' lang='lat' dir='ltr'>Quo</span> <span class='ocrx_word' id='word_1_202' title='bbox 425 2615 569 2683; x_wconf 88' lang='lat' dir='ltr'>tempore,</span> <span class='ocrx_word' id='word_1_203' title='bbox 583 2606 661 2666; x_wconf 90' lang='lat' dir='ltr'>duee</span> <span class='ocrx_word' id='word_1_204' title='bbox 680 2605 843 2685; x_wconf 75' lang='lat' dir='ltr'>Pelopida,</span> <span class='ocrx_word' id='word_1_205' title='bbox 851 2606 969 2666; x_wconf 88' lang='lat' dir='ltr'>exsules</span> <span class='ocrx_word' id='word_1_206' title='bbox 989 2605 1112 2666; x_wconf 83' lang='lat' dir='ltr'>Thebas</span> 
     </span>
     <span class='ocr_line' id='line_1_30' title="bbox 222 2685 1112 2764; baseline 0 -17"><span class='ocrx_word' id='word_1_207' title='bbox 222 2694 418 2764; x_wconf 86' lang='lat' dir='ltr'>occuparunt,</span> <span class='ocrx_word' id='word_1_208' title='bbox 428 2694 458 2744; x_wconf 95' lang='lat' dir='ltr'>et</span> <span class='ocrx_word' id='word_1_209' title='bbox 468 2686 653 2763; x_wconf 87' lang='lat' dir='ltr'>praesidium</span> <span class='ocrx_word' id='word_1_210' title='bbox 664 2685 973 2747; x_wconf 88' lang='lat' dir='ltr'>Lacedaemoniorum</span> <span class='ocrx_word' id='word_1_211' title='bbox 987 2707 1027 2746; x_wconf 91' lang='lat' dir='ltr'>ex</span> <span class='ocrx_word' id='word_1_212' title='bbox 1040 2707 1112 2747; x_wconf 86' lang='lat' dir='ltr'>arce</span> 
     </span>
     <span class='ocr_line' id='line_1_31' title="bbox 168 2765 1112 2845; baseline -0.001 -16"><span class='ocrx_word' id='word_1_213' title='bbox 168 2768 208 2829; x_wconf 84' lang='lat'>30</span> <span class='ocrx_word' id='word_1_214' title='bbox 222 2767 414 2845; x_wconf 82' lang='lat' dir='ltr'>expulerunt,</span> <span class='ocrx_word' id='word_1_215' title='bbox 429 2765 667 2843; x_wconf 85' lang='lat' dir='ltr'>Epaminondas,</span> <span class='ocrx_word' id='word_1_216' title='bbox 678 2787 770 2844; x_wconf 91' lang='lat' dir='ltr'>quam</span> <span class='ocrx_word' id='word_1_217' title='bbox 784 2767 837 2826; x_wconf 93' lang='lat' dir='ltr'>diu</span> <span class='ocrx_word' id='word_1_218' title='bbox 851 2767 932 2826; x_wconf 89' lang='lat' dir='ltr'>facta</span> <span class='ocrx_word' id='word_1_219' title='bbox 946 2776 990 2827; x_wconf 77' lang='lat' dir='ltr'>est</span> <span class='ocrx_word' id='word_1_220' title='bbox 1004 2768 1112 2828; x_wconf 85' lang='lat' dir='ltr'>caedes</span> 
     </span>
     <span class='ocr_line' id='line_1_32' title="bbox 223 2845 1113 2926; baseline 0.001 -19"><span class='ocrx_word' id='word_1_221' title='bbox 223 2847 345 2918; x_wconf 88' lang='lat' dir='ltr'>civium,</span> <span class='ocrx_word' id='word_1_222' title='bbox 360 2845 448 2905; x_wconf 93' lang='lat' dir='ltr'>domo</span> <span class='ocrx_word' id='word_1_223' title='bbox 462 2865 493 2904; x_wconf 94' lang='lat' dir='ltr'>se</span> <span class='ocrx_word' id='word_1_224' title='bbox 507 2846 621 2917; x_wconf 69' lang='lat' dir='ltr'>tenuit}</span> <span class='ocrx_word' id='word_1_225' title='bbox 636 2846 717 2925; x_wconf 94' lang='lat' dir='ltr'>quod</span> <span class='ocrx_word' id='word_1_226' title='bbox 731 2867 828 2926; x_wconf 89' lang='lat' dir='ltr'>neque</span> <span class='ocrx_word' id='word_1_227' title='bbox 841 2848 937 2908; x_wconf 88' lang='lat' dir='ltr'>malos</span> <span class='ocrx_word' id='word_1_228' title='bbox 950 2847 1113 2908; x_wconf 84' lang='lat' dir='ltr'>defendere</span> 
     </span>
     <span class='ocr_line' id='line_1_33' title="bbox 222 2925 1113 3006; baseline -0.001 -18"><span class='ocrx_word' id='word_1_229' title='bbox 222 2926 345 2989; x_wconf 86' lang='lat' dir='ltr'>volebat</span> <span class='ocrx_word' id='word_1_230' title='bbox 355 2944 452 3003; x_wconf 89' lang='lat' dir='ltr'>neque</span> <span class='ocrx_word' id='word_1_231' title='bbox 462 2925 650 3003; x_wconf 86' lang='lat' dir='ltr'>impugnare,</span> <span class='ocrx_word' id='word_1_232' title='bbox 661 2946 700 2985; x_wconf 90' lang='lat' dir='ltr'>ne</span> <span class='ocrx_word' id='word_1_233' title='bbox 710 2947 817 2986; x_wconf 91' lang='lat' dir='ltr'>manus</span> <span class='ocrx_word' id='word_1_234' title='bbox 827 2948 950 2986; x_wconf 93' lang='lat' dir='ltr'>suorum</span> <span class='ocrx_word' id='word_1_235' title='bbox 963 2929 1113 3006; x_wconf 90' lang='lat' dir='ltr'>sanguine</span> 
     </span>
     <span class='ocr_line' id='line_1_34' title="bbox 223 3003 1113 3069; baseline 0.002 -3"><span class='ocrx_word' id='word_1_236' title='bbox 223 3014 402 3066; x_wconf 89' lang='lat' dir='ltr'>cruentaret.</span> <span class='ocrx_word' id='word_1_237' title='bbox 444 3003 526 3063; x_wconf 87' lang='lat' dir='ltr'>Nam</span> <span class='ocrx_word' id='word_1_238' title='bbox 548 3025 586 3064; x_wconf 90' lang='lat' dir='ltr'>ue</span> <span class='ocrx_word' id='word_1_239' title='bbox 606 3025 727 3065; x_wconf 90' lang='lat' dir='ltr'>omnem</span> <span class='ocrx_word' id='word_1_240' title='bbox 747 3006 868 3067; x_wconf 83' lang='lat' dir='ltr'>civilem</span> <span class='ocrx_word' id='word_1_241' title='bbox 885 3008 1045 3069; x_wconf 88' lang='lat' dir='ltr'>victoriam</span> <span class='ocrx_word' id='word_1_242' title='bbox 1065 3008 1113 3068; x_wconf 88' lang='lat' dir='ltr'>fu-</span> 
     </span>
     <span class='ocr_line' id='line_1_35' title="bbox 222 3025 1113 3166; baseline 0.003 -21"><span class='ocrx_word' id='word_1_243' title='bbox 222 3095 338 3145; x_wconf 89' lang='lat' dir='ltr'>nestam</span> <span class='ocrx_word' id='word_1_244' title='bbox 359 3083 495 3162; x_wconf 90' lang='lat' dir='ltr'>putabat.</span> <span class='ocrx_word' id='word_1_245' title='bbox 527 3025 633 3156; x_wconf 71' lang='lat' dir='ltr'>idem,</span> <span class='ocrx_word' id='word_1_246' title='bbox 654 3095 814 3165; x_wconf 85' lang='lat' dir='ltr'>postquam</span> <span class='ocrx_word' id='word_1_247' title='bbox 838 3088 921 3166; x_wconf 92' lang='lat' dir='ltr'>apud</span> <span class='ocrx_word' id='word_1_248' title='bbox 944 3087 1113 3148; x_wconf 78' lang='lat' dir='ltr'>Cadmeam</span> 
     </span>
     <span class='ocr_line' id='line_1_36' title="bbox 168 3163 1112 3246; baseline 0.003 -19"><span class='ocrx_word' id='word_1_249' title='bbox 168 3168 208 3227; x_wconf 89' lang='lat'>35</span> <span class='ocrx_word' id='word_1_250' title='bbox 223 3186 292 3224; x_wconf 92' lang='lat' dir='ltr'>cum</span> <span class='ocrx_word' id='word_1_251' title='bbox 313 3163 560 3222; x_wconf 87' lang='lat' dir='ltr'>Lacedaemoniis</span> <span class='ocrx_word' id='word_1_252' title='bbox 580 3165 712 3242; x_wconf 90' lang='lat' dir='ltr'>pugnari</span> <span class='ocrx_word' id='word_1_253' title='bbox 732 3166 839 3243; x_wconf 90' lang='lat' dir='ltr'>eoepit,</span> <span class='ocrx_word' id='word_1_254' title='bbox 853 3167 885 3225; x_wconf 94' lang='lat' dir='ltr'>in</span> <span class='ocrx_word' id='word_1_255' title='bbox 899 3167 1005 3246; x_wconf 88' lang='lat' dir='ltr'>primis</span> <span class='ocrx_word' id='word_1_256' title='bbox 1019 3169 1112 3230; x_wconf 87' lang='lat' dir='ltr'>stetit.</span> 
     </span>
     <span class='ocr_line' id='line_1_37' title="bbox 223 3241 1114 3321; baseline 0.007 -19"><span class='ocrx_word' id='word_1_257' title='bbox 223 3245 326 3321; x_wconf 91' lang='lat' dir='ltr'>Hujus</span> <span class='ocrx_word' id='word_1_258' title='bbox 340 3243 377 3301; x_wconf 94' lang='lat' dir='ltr'>de</span> <span class='ocrx_word' id='word_1_259' title='bbox 390 3241 555 3300; x_wconf 87' lang='lat' dir='ltr'>virtutibus</span> <span class='ocrx_word' id='word_1_260' title='bbox 569 3244 693 3321; x_wconf 87' lang='lat' dir='ltr'>vitaque</span> <span class='ocrx_word' id='word_1_261' title='bbox 706 3245 779 3303; x_wconf 90' lang='lat' dir='ltr'>satis</span> <span class='ocrx_word' id='word_1_262' title='bbox 799 3246 857 3304; x_wconf 90' lang='lat' dir='ltr'>erit</span> <span class='ocrx_word' id='word_1_263' title='bbox 871 3246 996 3320; x_wconf 91' lang='lat' dir='ltr'>dictum,</span> <span class='ocrx_word' id='word_1_264' title='bbox 1011 3248 1037 3307; x_wconf 92' lang='lat' dir='ltr'>si</span> <span class='ocrx_word' id='word_1_265' title='bbox 1053 3249 1114 3308; x_wconf 89' lang='lat' dir='ltr'>hoc</span> 
     </span>
     <span class='ocr_line' id='line_1_38' title="bbox 222 3322 1115 3399; baseline 0.008 -18"><span class='ocrx_word' id='word_1_266' title='bbox 222 3341 318 3382; x_wconf 93' lang='lat' dir='ltr'>unum</span> <span class='ocrx_word' id='word_1_267' title='bbox 339 3322 516 3399; x_wconf 87' lang='lat' dir='ltr'>adjunxero,</span> <span class='ocrx_word' id='word_1_268' title='bbox 537 3322 618 3399; x_wconf 94' lang='lat' dir='ltr'>quod</span> <span class='ocrx_word' id='word_1_269' title='bbox 643 3343 731 3382; x_wconf 90' lang='lat' dir='ltr'>nemo</span> <span class='ocrx_word' id='word_1_270' title='bbox 755 3323 780 3382; x_wconf 93' lang='lat' dir='ltr'>it</span> <span class='ocrx_word' id='word_1_271' title='bbox 803 3325 924 3397; x_wconf 90' lang='lat' dir='ltr'>infitias,</span> <span class='ocrx_word' id='word_1_272' title='bbox 941 3325 1061 3386; x_wconf 82' lang='lat' dir='ltr'>Thebas</span> <span class='ocrx_word' id='word_1_273' title='bbox 1081 3336 1115 3388; x_wconf 92' lang='lat' dir='ltr'>et</span> 
     </span>
     <span class='ocr_line' id='line_1_39' title="bbox 222 3398 1115 3484; baseline 0.007 -23"><span class='ocrx_word' id='word_1_274' title='bbox 222 3411 294 3462; x_wconf 86' lang='lat' dir='ltr'>ante</span> <span class='ocrx_word' id='word_1_275' title='bbox 314 3398 560 3480; x_wconf 80' lang='lat' dir='ltr'>Epaminondam</span> <span class='ocrx_word' id='word_1_276' title='bbox 583 3409 691 3461; x_wconf 83' lang='lat' dir='ltr'>natum</span> <span class='ocrx_word' id='word_1_277' title='bbox 713 3411 744 3462; x_wconf 92' lang='lat' dir='ltr'>et</span> <span class='ocrx_word' id='word_1_278' title='bbox 766 3413 834 3482; x_wconf 90' lang='lat' dir='ltr'>post</span> <span class='ocrx_word' id='word_1_279' title='bbox 857 3405 991 3484; x_wconf 89' lang='lat' dir='ltr'>ejusdem</span> <span class='ocrx_word' id='word_1_280' title='bbox 1009 3407 1115 3467; x_wconf 89' lang='lat' dir='ltr'>interi-</span> 
     </span>
    </p>
   </div>
   <div class='ocr_carea' id='block_1_3' title="bbox 0 0 1244 3792">
    <p class='ocr_par' dir='ltr' id='par_1_5' title="bbox 0 0 1244 3792">
     <span class='ocr_line' id='line_1_40' title="bbox 0 0 1244 3792; baseline 0 0"><span class='ocrx_word' id='word_1_281' title='bbox 0 0 1244 3792; x_wconf 95' lang='lat' dir='ltr'> </span> 
     </span>
    </p>
   </div>
  </div>
 </body>
</html>
