2475 3792
463 253 677 299 EUMENES·

115 409 356 472 internecionem
384 418 454 491 post
475 408 647 470 Alexandri
671 418 800 470 mortem
826 417 911 489 gesta
933 415 1014 482 sunt,

115 511 283 572 omnesque
297 499 516 552 concurrerunt
529 491 569 550 ad
582 490 760 550 Perdiccam
774 489 1014 569 opprimendum.

116 570 224 647 Quam
248 572 303 632 etsi
327 571 485 630 infirmum
505 570 638 643 videbat,
659 569 741 648 quod
768 589 847 630 unus
873 568 1014 631 omnibus

115 651 259 712 resistere
272 651 446 730 negebatur,
461 659 561 710 tamen
576 651 709 718 amicum
729 669 791 710 non
811 648 951 724 deseruit,
964 669 1015 709 ne·

114 751 177 810 que
205 731 314 792 salutis
341 751 436 810 quam
460 729 529 789 fidei
552 730 612 790 fuit
636 729 782 810 cupidior.
823 729 1015 791 Praefeoerat
1046 727 1069 790 5

114 811 203 873 hunc
225 811 388 872 Perdiccas
410 811 438 870 ei
461 810 540 890 parti
560 808 664 883 Asiae,
679 830 757 889 quae
777 810 857 870 inter
876 809 1014 870 Taurum

114 901 256 952 montem
272 893 357 972 jacet
379 899 472 970 atque
493 889 738 969 Hellespontum,
753 898 785 950 et
806 890 896 949 illum
917 909 1013 951 unum

114 980 304 1051 opposuerat
331 970 499 1050 Europaeis
526 970 724 1043 adversariis;
748 969 813 1050 ipsc
835 967 1014 1050 Aegyptum

115 1073 134 1112 o
157 1061 332 1132 pugnatum
360 1051 505 1112 adversus
532 1049 740 1110 Ptolemaeum
764 1059 831 1111 erat
852 1049 1013 1130 profectus.

115 1073 273 1193 Idumenes
301 1152 371 1192 cum
396 1151 494 1210 neque
516 1151 643 1209 magnas
666 1131 768 1210 copias
791 1150 888 1211 neque
910 1129 1014 1192 firmas
1027 1128 1068 1193 10

115 1212 254 1286 haberet,
263 1213 346 1292 quod
357 1219 388 1272 et
398 1212 614 1272 inexercitatae
624 1220 655 1271 et
665 1231 726 1272 non
736 1209 835 1272 multo
845 1220 917 1272 ante
926 1218 1015 1272 erant

116 1302 303 1365 contractae,
318 1293 484 1354 adventare
504 1301 606 1352 autem
627 1291 801 1352 dicerentur
820 1289 1014 1371 Hellespont-

115 1393 233 1452 umque
252 1373 395 1433 transisse
415 1372 580 1452 Antipater
599 1379 631 1431 et
650 1371 792 1432 Cratems
812 1392 923 1450 magno
942 1391 1014 1433 cum

116 1455 255 1514 exercitu
280 1453 493 1525 Macedonum,
512 1452 573 1514 viri
599 1473 670 1512 cum
696 1451 836 1513 claritate
862 1460 928 1512 tum
955 1472 1013 1513 usu

117 1532 192 1593 belli
218 1541 407 1612 praestantes
432 1532 628 1606 (Macedones
648 1553 720 1594 vero
744 1532 856 1593 milites
878 1553 915 1594 ea
938 1541 1012 1594 tunc
1027 1531 1066 1594 15

118 1622 207 1674 erant
233 1613 327 1686 fama,
355 1633 417 1692 qua
446 1633 526 1674 nunc
554 1613 687 1673 Romani
713 1613 870 1686 ferentum
900 1613 1012 1675 etenim

118 1713 238 1772 semper
259 1693 359 1754 habiti
381 1702 453 1753 sunt
466 1693 630 1766 fortissimi,
644 1693 698 1772 qui
720 1713 871 1754 summam
892 1692 1013 1774 imperii

118 1773 327 1852 potirentur):
355 1773 507 1834 Eumenes
533 1774 734 1853 intelligebat,
755 1773 781 1834 si
808 1774 913 1854 copiae
938 1794 1012 1835 suae

119 1862 306 1933 cognossent,
321 1853 465 1915 adversus
479 1874 552 1933 quos
567 1854 758 1927 ducerentur,
772 1875 832 1915 non
846 1854 935 1915 modo
949 1874 1011 1914 non

119 1934 225 2006 ituras,
235 1933 287 1994 sed
301 1933 393 1994 simul
408 1954 477 1994 cum
491 1935 599 1994 nuntio
613 1935 792 2014 dilapsuras.
834 1934 943 2028 Itaque
953 1934 1011 1995 hoc
1025 1935 1066 1997 20

118 2015 182 2092 ejus
196 2014 257 2074 fuit
270 2013 538 2093 prudentissimum
559 2015 727 2088 consilium,
742 2024 777 2075 ut
789 2014 885 2077 deviis
899 2015 1012 2076 itineri·

118 2094 175 2154 bus
186 2094 299 2154 milites
310 2094 441 2166 duceret,
450 2094 482 2153 in
491 2095 599 2175 quibus
608 2115 682 2157 vera
692 2095 797 2155 audire
807 2116 868 2155 non
881 2105 1011 2175 possent,

118 2183 149 2234 et
162 2175 211 2234 his
225 2174 428 2254 persuaderet,
442 2194 473 2235 se
486 2184 592 2235 contra
605 2175 752 2254 quosdam
765 2175 909 2236 barbaros
922 2175 1012 2256 profi·

118 2254 199 2316 eisei.
251 2253 361 2333 Itaque
386 2255 485 2315 tenuit
511 2255 569 2315 hoc
596 2255 783 2334 propositum
810 2264 841 2315 et
867 2255 951 2335 prius
977 2256 1010 2316 in

118 2334 215 2394 aciem
229 2335 397 2394 exercitum
410 2334 518 2396 eduxit
531 2335 740 2417 proeliumque
750 2336 907 2409 commisit,
918 2357 1010 2416 quam
1024 2335 1064 2398 25

117 2415 231 2474 milites
263 2414 310 2474 sui
337 2414 456 2488 scirent,
485 2435 554 2476 cum
581 2415 692 2495 quibus
718 2435 805 2476 arma
831 2417 1009 2479 conferrent.

117 2493 229 2554 Effecit
242 2495 334 2554 etiam
348 2494 427 2554 illud
441 2495 575 2556 locorum
589 2516 735 2574 praeoecu
758 2496 867 2569 atione,
880 2505 916 2557 ut
929 2498 1010 2577 equi·

117 2582 186 2634 tatu
206 2574 307 2654 potius
327 2574 494 2648 dimicaret,
510 2596 569 2655 quo
589 2576 659 2656 plus
672 2576 743 2638 vale
783 2585 911 2658 tquam
926 2579 1009 2659 pedi·

117 2663 194 2728 tatu,
209 2675 270 2734 quo
284 2663 350 2715 arat
363 2655 501 2716 deterior.

158 2733 218 2795 IV.
251 2734 392 2810 Quorum
420 2736 565 2797 acerrimo
593 2757 741 2798 concursu
768 2757 838 2798 cum
865 2759 1008 2819 magnam
1023 2739 1064 2800 30

64 2830 67 2837 ’
118 2823 237 2954 partem
258 2815 318 2874 diei
339 2824 415 2875 esset
434 2828 613 2895 pugnatum,
628 2818 711 2878 cadit
731 2817 873 2880 Craterus
892 2819 958 2880 dux
977 2829 1010 2881 et

150 2895 345 2974 eoptolemus‚
360 2895 412 2974 qui
432 2897 597 2957 secuudum
618 2899 720 2959 locum
740 2898 860 2978 imperii
875 2901 1007 2961 tenebat.

118 2973 196 3035 Cum
217 2975 276 3036 hoc
297 2976 449 3036 concurrit
469 2976 532 3055 ipse
553 2977 712 3038 Eumenes.
755 2977 818 3054 Qui
839 2999 909 3039 cum
929 2980 1009 3041 inter

118 3074 148 3115 se
161 3054 316 3134 complexi
336 3055 369 3114 in
389 3064 501 3116 terram
515 3077 554 3117 ex
567 3059 652 3137 equis
665 3057 853 3131 decidissent,
867 3068 902 3119 ut
919 3059 1008 3120 facile

117 3134 249 3214 intelligi
266 3143 375 3215 posset,
390 3135 513 3196 inimica
534 3147 634 3198 mente
648 3137 833 3198 contendisse
847 3139 1007 3276 animopue
1021 3139 1062 3198 35

117 3215 213 3294 magis
228 3215 322 3276 etiam
336 3234 484 3294 pugnasse
505 3237 597 3296 quam
617 3235 751 3293 corpore,
765 3235 826 3274 non
846 3217 930 3293 prius
972 3219 1008 3276 is

116 3295 206 3356 tracti
227 3303 309 3367 sunt,
330 3314 422 3373 quam
446 3295 577 3354 alterum
602 3295 705 3355 anima
725 3293 915 3370 relinqueret.
955 3294 1008 3351 Ab

116 3375 172 3436 hoc
195 3375 316 3454 aliquot
339 3373 437 3454 plagis
466 3374 618 3433 Eumenes
641 3372 829 3439 vulneratur,
853 3389 950 3443 neque
973 3387 1009 3425 eo

115 3456 277 3581 magisfiex¹
284 3453 409 3580 1proelio
426 3453 562 3525 excessit,
581 3451 635 3511 sed
654 3448 754 3508 acrius
774 3446 873 3502 hostes
892 3443 1009 3500 institit.

241 3557 275 3568 “
308 3546 381 3595 epos.
