2475 3792
514 231 631 280 uror.
1028 215 1071 278 49

129 396 234 450 testate
247 409 308 450 esse
320 389 409 452 velle.
451 389 546 452 Hanc
559 390 612 450 ille
626 411 687 451 non
701 389 797 452 lenire
806 389 956 470 obsequio,
964 390 1016 450 sed

129 469 292 530 acerbitate
316 472 487 550 opprimere
511 471 637 543 studuit,
658 471 924 552 Heraclidemque,
945 492 1017 532 cum

128 549 292 629 Syracusas
305 552 444 624 venisset,
458 551 701 612 interficiendum
715 551 843 612 curavit

168 629 246 690 VII.
266 630 359 706 Quod
383 631 499 692 i'actnm
524 631 663 692 omnibus
685 632 854 692 maximum
877 631 1017 692 timorem

127 709 240 787 injecit
282 709 380 771 Nemo
397 711 488 784 enim,
502 711 556 770 illo
577 711 744 784 interfecto,
757 732 789 772 se
809 721 910 772 tutum
931 723 1017 792 puta·
1049 711 1072 773 5

127 789 188 850 hat
232 789 294 851 Ille
307 801 418 864 autem,
432 792 605 853 adversario
619 802 743 864 remoto,
757 791 896 852 licentius
912 813 1016 852 eorum

126 869 223 944 hona,
233 891 308 950 qnos
322 871 434 932 sciebat
448 871 592 932 adversus
606 891 637 931 se
650 871 782 944 sensisse,
796 872 944 932 militibus
959 872 1017 933 dis-

126 951 263 1030 pertivit
307 950 426 1027 Quibus
453 951 568 1024 divisis,
595 971 665 1011 cum
693 951 863 1031 quotidiani
889 951 1016 1012 maximi

125 1031 236 1092 fierent
255 1041 402 1110 sumptus,
421 1031 564 1098 celeriter,
578 1032 707 1110 pecunia
727 1032 827 1092 deesse
846 1033 953 1112 coepit,
967 1053 1017 1092 ne-

126 1132 187 1190 que
209 1131 272 1190 quo
296 1132 403 1172 manus
425 1111 593 1191 porrigeret
611 1111 800 1190 suppetebat,
813 1111 872 1172 nisi
891 1112 924 1171 in
943 1112 1071 1173 arni-10

126 1211 235 1252 corum
249 1191 451 1270 possesiones.
493 1187 532 1250 Id
553 1193 696 1271 ejusmodi
711 1201 785 1265 erat,
798 1201 843 1263 ut,
856 1198 930 1251 eum‘
939 1193 1018 1252 mili-

126 1279 172 1331 tes
186 1271 417 1345 reconciliasset,
431 1272 584 1332 amitteret
603 1272 771 1350 optimates.
814 1272 954 1348 Quarum
973 1293 1018 1334 re·

125 1372 198 1411 rum
212 1372 288 1412 cura
301 1351 498 1431 frangebatur
511 1361 542 1412 et
555 1353 690 1412 insuetus
703 1351 783 1412 male
798 1352 942 1413 audiendi
955 1373 1018 1413 non

125 1432 232 1492 auimo
253 1452 349 1510 aequo
369 1432 493 1506 ferebat,
515 1432 553 1492 de
572 1453 603 1492 se
623 1432 721 1493 abiis
739 1432 820 1493 male
839 1433 1016 1507 existimari,

148 1532 260 1572 uorum
275 1512 367 1591 paulo
381 1523 452 1574 ante
465 1513 499 1572 in
513 1513 631 1574 caelum
641 1513 743 1574 fuerat
755 1513 853 1573 elatus
866 1513 1016 1574 laudibus
1031 1512 1070 1573 15

160 1592 254 1672 ulgus
277 1602 388 1665 autem,
409 1594 522 1653 offensa
546 1593 577 1652 in
601 1614 671 1653 eum
694 1593 828 1654 militum
850 1593 1017 1668 voluntate,

125 1672 255 1814 libberius
269 1673 450 1754 loquebatur
463 1683 494 1735 et
507 1682 673 1754 tyrannum
685 1695 748 1735 non
760 1673 918 1734 ferendum
931 1674 1018 1736 dicti·

125 1761 160 1814 ta
182 1763 224 1814 at

167 1833 265 1896 VHI.
286 1834 374 1896 Haec
395 1835 448 1895 ille
467 1835 595 1909 intuens,
610 1857 680 1897 cum
699 1834 955 1915 quemadmodum
975 1857 1017 1896 se-

126 1914 217 1975 daret
235 1917 371 1990 nesciret,
385 1925 416 1977 et
436 1937 579 1996 quorsum
600 1917 763 1979 evaderent
783 1917 911 1990 timeret,
925 1917 1017 1978 Calli·
1031 1915 1071 1977 20

127 2005 227 2056 crates
247 1997 380 2075 quidam,
395 1997 470 2058 civis
484 1997 686 2071 Atheniensis,
707 1997 759 2078 qui
779 1997 870 2057 simul
890 2017 960 2057 cum
981 2018 1016 2059 eo

126 2096 167 2136 ex
182 2077 388 2156 Peloponneso
403 2079 435 2137 in
449 2077 584 2139 Siciliam
595 2088 729 2151 venerat,
740 2079 830 2138 homo
843 2087 874 2138 et
887 2077 1017 2140 callidus

127 2165 158 2217 et
172 2158 213 2217 ad
227 2157 365 2218 fraudem
379 2168 495 2231 acutus,
509 2160 573 2219 sine
586 2160 652 2220 ulla
665 2159 810 2238 religione
823 2179 858 2219 ac
872 2158 940 2233 lide,
950 2159 1018 2220 adit

127 2238 168 2298 ad
194 2238 325 2298 Dionem
350 2249 380 2300 et
404 2241 464 2299 ait:
493 2239 574 2299 Eum
602 2261 712 2319 magno
740 2239 772 2298 in
799 2239 934 2318 periculo
953 2259 1016 2300 esse

127 2329 253 2398 propter
268 2320 462 2380 offensionem
478 2321 583 2399 populi
603 2329 634 2381 et
654 2321 758 2380 odium
778 2319 920 2394 militum,
932 2319 1016 2400 quod
1030 2318 1070 2380 25

127 2399 214 2460 nullo
235 2401 325 2461 modo
346 2402 463 2462 evitare
483 2411 587 2479 posset,
601 2401 660 2460 nisi
676 2401 769 2461 alicui
785 2421 907 2460 suorum
926 2420 1015 2479 nego-

127 2481 205 2540 tium
219 2481 316 2555 daret,
326 2482 380 2623 qui
393 2502 426 2542 se
438 2481 593 2542 simularet
606 2482 654 2541 illi
668 2483 833 2541 inimicum.
875 2481 975 2557 Quem
989 2481 1015 2542 si

127 2561 290 2623 invenisset
318 2561 329 2622 i
351 2583 472 2634 oneum,
496 2561 585 2622 facile
608 2563 745 2622 omnium
772 2562 888 2621 animos
916 2562 1016 2639 cogni-

126 2650 231 2702 turum
244 2642 494 2721 adversariosque
513 2642 714 2715 sublaturum,
727 2642 809 2721 quod
822 2641 937 2701 inimici
951 2643 1015 2722 ejus

127 2723 303 2785 dissidentes
318 2744 387 2784 suos
401 2744 503 2783 sensus
516 2724 651 2803 aperturi
662 2725 768 2782 terent.
809 2722 878 2782 Tali
889 2722 1013 2782 consilio
1027 2721 1068 2784 30

127 2805 254 2882 probato
279 2805 402 2882 excepit
426 2804 480 2864 has
503 2813 603 2882 partes
631 2805 695 2882 ipse
721 2803 898 2863 Callicrates
925 2811 956 2861 et
982 2823 1014 2862 se

128 2894 226 2945 armat
239 2884 449 2964 imprudentia
463 2883 577 2945 Dionis.
620 2884 673 2943 Ad
687 2904 756 2942 cum
773 2883 1013 2943 interficiendum

127 2966 219 3025 socios
233 2964 405 3044 conquirit;
426 2964 611 3025 adversarios
632 2965 695 3043 ejus
716 2965 864 3036 convenit,
878 2963 1014 3040 conjura-

127 3044 207 3105 tione
227 3045 405 3106 confirmat:
440 3043 509 3116 Res,
528 3045 633 3103 multis
653 3044 786 3115 consciis,
803 3062 881 3121 quae
922 3062 1014 3101 erere·

126 3133 184 3197 tur,
198 3126 281 3186 elata
294 3125 431 3184 defertur
445 3125 484 3184 ad
497 3123 739 3193 Aristomachen,
752 3143 881 3181 sororem
896 3064 1014 3194 ilionis,
1028 3119 1068 3178 35

127 3225 314 3284 uxoremque
336 3204 461 3264 Areten.
503 3203 581 3262 Illae
608 3203 716 3262 timore
742 3201 919 3278 perterritae
946 3220 1013 3257 oon-

125 3287 262 3356 veniunt,
278 3285 367 3364 cujus
388 3284 425 3342 de
445 3283 580 3360 periculo
600 3279 757 3340 timebant.
798 3277 844 3334 At
857 3276 910 3332 ille
924 3285 1016 3348 negat

126 3385 146 3424 a
157 3365 326 3425 Callicrate
347 3361 413 3422 fieri
433 3362 491 3421 sibi
511 3360 645 3427 insidias,
659 3356 711 3413 sed
725 3355 788 3421 illa,
802 3370 879 3426 quae
895 3368 1016 3422 agefen·

126 3453 184 3518 tur,
198 3444 266 3570 fiepi
281 3448 445 3568 ppaecepto
459 3459 521 3501 suo.
564 3435 710 3496 Mulieres
725 3428 822 3487 nihilo
840 3425 935 3482 secius
949 3422 1017 3479 cal-

258 3549 293 3558 -
325 3532 397 3582 epos.
