2475 3792
457 266 737 328 summanus.
1051 250 1094 316 37

144 423 232 498 nivit,
245 422 377 498 Bornos,
391 423 570 496 Bisanthen,
583 422 789 497 Neontichos;
809 443 964 518 manuque
980 423 1039 486 col·

144 503 224 564 lecta
238 505 358 584 primus
373 503 519 566 Graeciae
533 504 669 565 civitatis
682 505 715 564 in
728 503 892 565 Thraciam
912 505 1038 579 introiit,

144 584 306 666 gloriosius
320 585 497 645 existimans
511 583 712 645 barbarorum
726 584 841 663 praeda
858 583 1038 664 locupletari

145 684 239 744 quam
253 663 429 725 Graiorum.
471 665 543 741 Qua
553 685 593 725 ex
604 683 637 724 re
647 673 782 725 creverat
792 685 863 725 cum
876 664 1038 726 famatum

144 743 263 823 opibus,
278 765 483 825 magnamque
502 744 669 805 amicitiam
690 744 748 804 sibi
766 765 836 805 cum
855 744 1038 825 quibusdam
1071 745 1092 806 5

144 843 177 884 re
200 824 269 884 'bus
283 823 432 886 Thraciae
445 833 613 905 pepererat.

218 903 282 965 ΠΙ.
304 905 413 984 Neque
431 913 534 966 tamen
555 925 574 966 a
594 904 721 966 caritate
760 904 857 966 atriae
913 904 975 967 tuit
993 926 1039 967 re·

144 985 260 1046 aedera
303 985 386 1046 Nam
414 1006 482 1046 cum
510 985 594 1064 apud
614 984 715 1065 Aegos
738 925 853 1046 humen
903 986 1037 1060 hilocles,

144 1074 270 1144 praetor
293 1065 536 1139 Atheniensium,
560 1065 686 1126 classem
712 1065 914 1126 constituisset
939 1086 1036 1141 suam,

143 1164 245 1225 neque
278 1144 369 1225 longe
402 1146 518 1207 abesset
545 1145 712 1226 Lysander,
738 1155 862 1225 praetor
887 1145 1091 1214 Iaeedae10

143 1226 327 1300 moniorum,
341 1226 394 1306 qni
407 1227 440 1286 in
453 1247 488 1288 eo
502 1234 568 1287 erat
581 1235 754 1305 occupatus,
767 1234 803 1286 ut
815 1224 930 1286 bellum
943 1247 1036 1307 quam

144 1305 320 1386 diutissime
335 1307 467 1380 duceret,
509 1307 570 1366 uod
590 1306 663 1385 ipsis
682 1306 812 1386 pecunia
834 1324 855 1366 a
877 1327 948 1386 rege
966 1327 1036 1387 sup-

144 1385 350 1464 peditabatur,
365 1397 471 1448 contm
518 1385 722 1447 theniensibus
742 1386 897 1447 exhaustis
938 1397 1037 1448 raeter

144 1486 234 1526 arma
247 1475 278 1528 et
291 1487 384 1529 naves
396 1467 475 1526 nihil
490 1477 556 1527 erat
568 1487 675 1546 super3
695 1463 872 1528 Alcibiades
952 1487 1036 1528 exer·

144 1547 242 1606 citum
262 1547 349 1610 venit
368 1547 612 1620 Atheniensium,
636 1547 740 1626 ibique
761 1555 918 1626 praesente
940 1548 1035 1628 vulgo
1050 1553 1090 1615 15

143 1647 236 1706 agere
260 1628 368 1707 coepit,
391 1628 417 1688 si
439 1627 617 1700 vellentes
640 1637 816 1688 coacturum
840 1627 869 1687 L
889 1628 1035 1689 sandrum

144 1707 293 1768 dimicare
306 1716 361 1769 aut
373 1727 480 1788 pacem
494 1718 612 1787 petere:
632 1707 760 1786 spondet
883 1709 1035 1770 aemonius

144 1808 179 1848 eo
208 1787 291 1848 nolle
318 1788 411 1850 classe
439 1788 608 1868 confligere,
628 1789 710 1869 quod
731 1788 920 1868 pedestribus
940 1791 1035 1870 copiis

166 1868 215 1928 lus
232 1889 325 1949 quam
345 1869 476 1931 navibus
489 1869 644 1942 valerent;
664 1868 722 1929 sibi
742 1878 845 1930 autem
859 1890 922 1930 esse
934 1869 1033 1946 facile,

143 1889 291 2023 berthen,
306 1970 407 2029 regem
422 1948 584 2023 Thracum,
598 1950 755 2023 deducere,
769 1959 804 2010 ut
820 1970 869 2012 eos
885 1959 967 2012 terra
985 1951 1033 2012 de·
1047 1955 1088 2018 20

143 2029 289 2110 pelleret3
303 2051 362 2111 quo
377 2031 458 2091 facto
468 2032 633 2091 necessario
647 2041 702 2092 aut
715 2030 809 2091 classe
821 2031 1033 2092 conflicturum

144 2119 200 2171 aut
214 2110 330 2171 bellum
345 2112 590 2190 compositurum.
632 2111 671 2171 Id
684 2112 740 2172 etsi
750 2131 822 2173 vere
829 2111 947 2172 dictum
962 2112 1034 2172 Phi-

144 2190 238 2252 locles
252 2192 524 2264 animadvertebat,
535 2202 637 2253 tamen
650 2193 804 2270 postulata
813 2191 912 2253 facere
925 2192 1034 2268 noluit,

144 2273 227 2351 quod
251 2272 409 2346 sentiebat,
433 2293 473 2346 se,
496 2272 660 2333 Alcibiade
683 2283 812 2353 recept0,
833 2272 948 2334 nullius
972 2294 1032 2334 mo

145 2351 240 2413 menti
261 2353 344 2433 apud
365 2353 533 2414 exereitum
552 2352 701 2426 futurum,
715 2362 754 2427 et,
767 2354 792 2414 si
813 2353 888 2434 quid
907 2355 1032 2415 secundi
1046 2357 1086 2418 25

145 2433 301 2506 evenisset,
315 2433 434 2494 nullam
448 2432 480 2493 in
494 2455 530 2494 ea
543 2455 576 2494 re
589 2455 676 2494 suam
690 2444 807 2513 partem
826 2434 890 2495 fore
898 2455 906 2508 ;
927 2446 1033 2496 contra

133 2532 190 2587 ea,
204 2513 230 2573 si
251 2514 326 2592 quid
347 2514 467 2577 adversi
492 2515 657 2588 accidisset,
676 2535 708 2574 se
728 2535 823 2575 unum
844 2515 907 2576 e'us
928 2515 1032 2576 delicti

145 2592 285 2654 futurum
299 2614 394 2655 reum.
434 2593 487 2655 Ab
495 2595 552 2655 hoc
563 2595 717 2655 discedens
727 2594 829 2654 Alcib'
873 2616 912 2669 es,
924 2595 1032 2673 “Quo-

144 2674 257 2747 niam,''
284 2673 394 2754 inquit,
422 2674 590 2736 “victoriae
616 2675 734 2755 patriae
767 2695 925 2754 repugnas,
953 2675 1031 2736 illud

144 2774 262 2827 moneo,
279 2755 372 2835 juxta
391 2755 507 2815 hostem
530 2764 629 2816 castra
653 2755 765 2816 habeas
787 2756 927 2816 nautica:
955 2757 1032 2835 peri·
1045 2759 1085 2820 30

144 2835 249 2894 culum
270 2843 315 2895 est
335 2834 426 2907 enim,
442 2855 480 2895 ne
500 2835 689 2896 immodestia
710 2835 842 2896 militum
862 2845 1031 2897 vestrorum

144 2915 261 2975 occasio
276 2915 365 2976 detur
379 2914 537 3006 Lysandro
548 2917 640 2977 vestri
654 2937 672 2976 o
716 2916 843 2976 rimandi
854 2916 1031 2976 exercitus.''

143 2994 253 3074 Neque
274 3015 310 3055 ea
334 3015 382 3054 res
406 2993 492 3054 1llum
517 2996 633 3057 fefellit.
707 3016 757 3054 am
778 2995 807 3055 L
827 2996 944 3069 sander,
961 3017 1031 3057 cum

143 3095 197 3154 per
217 3075 422 3155 speculatores
443 3076 641 3154 comperisset,
655 3075 783 3153 vulgum
829 3075 1030 3136 theniensium

143 3155 175 3214 in
196 3163 311 3216 terram
332 3153 511 3233 praedatum
532 3156 636 3228 exisse,
650 3174 802 3232 navesque
819 3175 914 3232 paene
927 3155 1031 3217 inanes
1045 3157 1085 3217 35

143 3235 274 3306 relictas,
289 3243 410 3312 tempus
424 3234 467 3292 rei
480 3235 629 3311 gerendae
649 3254 711 3293 non
731 3233 855 3303 dimisit,
868 3251 962 3307 eoque
978 3235 1031 3292 irn-

143 3325 215 3394 petu
230 3322 331 3373 totum
344 3311 461 3372 bellum
475 3313 596 3373 delevit.
1009 3383 1016 3396 ⁵

183 3393 246 3453 IX.
269 3392 315 3452 At
329 3390 516 3463 Alcibiades,
530 3391 619 3452 victis
634 3384 871 3472 Atheniensibus
886 3400 948 3439 non
961 3392 1033 3467 satis

62 3493 64 3498 ·
143 3480 211 3533 tuta
224 3471 335 3532 eadem
349 3470 419 3531 loca
432 3469 490 3529 sibi
503 3469 679 3534 arbitratus,
693 3469 813 3538 pemtua
826 3476 861 3512 111
872 3455 1035 3511 Thracam
1123 3515 1126 3518 ,
